Symbol,Date,Revenue,Revenue Growth,Cost of Revenue,Gross Profit,R&D Expenses,SG&A Expense,Operating Expenses,Operating Income,Interest Expense,Earnings before Tax,Income Tax Expense,Net Income - Non-Controlling int,Net Income - Discontinued ops,Net Income,Preferred Dividends,Net Income Com,EPS,EPS Diluted,Weighted Average Shs Out,Weighted Average Shs Out (Dil),Dividend per Share,Gross Margin,EBITDA Margin,EBIT Margin,Profit Margin,Free Cash Flow margin,EBITDA,EBIT,Consolidated Income,Earnings Before Tax Margin,Net Profit Margin
AAPL,2019-09-28,2.60174E+11,0,1.61782E+11,98392000000,16217000000,18245000000,34462000000,63930000000,3576000000,65737000000,10481000000,0,0,55256000000,0,55256000000,11.97,11.89,4617834000,4648913000,3.03705403822,0.37817768109,0.293945590259,0.245720171885,0.21238094506,0.226371582095,76477000000,63930000000,55256000000,0.252665523842,0.21238094506
AAPL,2018-09-29,2.65595E+11,0,1.63756E+11,1.01839E+11,14236000000,16705000000,30941000000,70898000000,3240000000,72903000000,13372000000,0,0,59531000000,0,59531000000,12.01,11.91,4955377000,5000109000,2.74234021698,0.3834371882,0.307991490804,0.266940266195,0.224142020746,0.24142397259,81801000000,70898000000,59531000000,0.274489354092,0.224142020746
AAPL,2017-09-30,2.29234E+11,0,1.41048E+11,88186000000,11581000000,15261000000,26842000000,61344000000,2323000000,64089000000,15738000000,0,0,48351000000,0,48351000000,9.27,9.21,5217242000,5251692000,2.43140686849,0.384698604919,0.311912718009,0.267604282087,0.210924208451,0.223121351981,71501000000,61344000000,48351000000,0.279578945532,0.210924208451
AAPL,2016-09-24,2.15639E+11,0,1.31376E+11,84263000000,10045000000,14194000000,24239000000,60024000000,1456000000,61372000000,15685000000,0,0,45687000000,0,45687000000,8.35,8.31,5470820000,5500281000,2.20897805039,0.390759556481,0.327069778658,0.278354101067,0.211867983064,0.246198507691,70529000000,60024000000,45687000000,0.284605289396,0.211867983064
AAPL,2015-09-26,2.33715E+11,0,1.40089E+11,93626000000,8067000000,14329000000,22396000000,71230000000,733000000,72515000000,19121000000,0,0,53394000000,0,53394000000,9.28,9.22,5753421000,5793069000,1.99566067658,0.400599020174,0.35293840789,0.304772907173,0.228457736987,0.299591382667,82487000000,71230000000,53394000000,0.310271056629,0.228457736987
AAPL,2014-09-27,1.82795E+11,0,1.12258E+11,70537000000,6041000000,11993000000,18034000000,52503000000,384000000,53483000000,13973000000,0,0,39510000000,0,39510000000,6.49,6.45,6085572000,6122663000,1.817183144,0.385880357778,0.330692852649,0.287223392325,0.216143767609,0.274307284116,60449000000,52503000000,39510000000,0.292584589294,0.216143767609
AAPL,2013-09-28,1.7091E+11,0,1.06606E+11,64304000000,4475000000,10830000000,15305000000,48999000000,136000000,50155000000,13118000000,0,0,37037000000,0,37037000000,40.03,39.75,925331000,931662000,11.338876116,0.376244807208,0.326230179627,0.286694751624,0.216704698379,0.266227839214,55756000000,48999000000,37037000000,0.293458545433,0.216704698379
AAPL,2012-09-29,1.56508E+11,0,87846000000,68662000000,3381000000,10040000000,13421000000,55241000000,0,55763000000,14030000000,0,0,41733000000,0,41733000000,44.64,44.15,934818000,945355000,2.63181556135,0.438712398088,0.37389781992,0.35295959312,0.266650906024,0.271941370409,58518000000,55241000000,41733000000,0.356294885884,0.266650906024
AAPL,2011-09-24,1.08249E+11,0,64431000000,43818000000,2429000000,7599000000,10028000000,33790000000,0,34205000000,8283000000,0,0,25922000000,0,25922000000,28.05,27.68,924258000,936645000,0,0.404788958789,0.328908350193,0.312150689614,0.239466415394,0.307337712127,35604000000,33790000000,25922000000,0.315984443274,0.239466415394
AAPL,2010-09-25,65225000000,0,39541000000,25684000000,1782000000,5517000000,7299000000,18385000000,0,18540000000,4527000000,0,0,14013000000,0,14013000000,15.41,15.15,909461000,924712000,0,0.393775392871,0.297615944806,0.281870448448,0.214840935224,0.254350325795,19412000000,18385000000,14013000000,0.284246837869,0.214840935224
AAPL,2009-09-26,42905000000,0.1444,25683000000,17222000000,1333000000,4149000000,5482000000,11740000000,0,12066000000,3831000000,0,0,8235000000,0,8235000000,1.317,1.297,6270717306,6251112000,0,0.4014,0.298,0.2812,0.192,0.2085,12800000000,12066000000,8235000000,0.2812,0.1919
ABBV,2019-12-31,33266000000,0,7439000000,25827000000,6407000000,6942000000,12730000000,12983000000,1784000000,8426000000,544000000,0,0,7882000000,0,7882000000,5.3,5.28,1481000000,1484000000,4.2897574124,0.776378284134,0.452323693862,0.390278362292,0.236938616004,0.383935549811,15047000000,12983000000,7882000000,0.253291649131,0.236938616004
ABBV,2018-12-31,32753000000,0,7718000000,25035000000,10329000000,7399000000,17084000000,6383000000,1348000000,5197000000,-490000000,0,0,5687000000,0,5687000000,3.67,3.66,1541000000,1546000000,3.60931435964,0.764357463438,0.248954294263,0.194882911489,0.173632949653,0.390468048728,8154000000,6383000000,5687000000,0.158672488016,0.173632949653
ABBV,2017-12-31,28216000000,0,7040000000,21176000000,4982000000,6275000000,10253000000,9592000000,1150000000,7727000000,2418000000,0,0,5309000000,0,5309000000,3.31,3.3,1596000000,1603000000,2.56207111666,0.750496172384,0.393996314148,0.339948965126,0.188155656365,0.334242982705,11117000000,9592000000,5309000000,0.273851715339,0.188155656365
ABBV,2016-12-31,25638000000,0,5833000000,19805000000,4366000000,5855000000,9256000000,9384000000,1047000000,7884000000,1931000000,0,0,5953000000,0,5953000000,3.65,3.63,1622000000,1631000000,2.27896995708,0.772486153366,0.412395662688,0.366019190264,0.232194398939,0.255948201888,10573000000,9384000000,5953000000,0.30751228645,0.232194398939
ABBV,2015-12-31,22859000000,0,4500000000,18359000000,4285000000,6387000000,9986000000,7537000000,719000000,6645000000,1501000000,0,0,5144000000,0,5144000000,3.15,3.13,1625000000,1637000000,2.01221747098,0.803140994794,0.36628898902,0.329716960497,0.225031716173,0.306356358546,8373000000,7537000000,5144000000,0.290695131021,0.225031716173
ABBV,2014-12-31,19960000000,0,4426000000,15534000000,3297000000,7724000000,11380000000,3411000000,429000000,2369000000,595000000,0,0,1774000000,0,1774000000,1.11,1.1,1595000000,1610000000,1.65279503106,0.778256513026,0.210270541082,0.170891783567,0.088877755511,0.147144288577,4197000000,3411000000,1774000000,0.118687374749,0.088877755511
ABBV,2013-12-31,18790000000,0,4581000000,14209000000,2855000000,5352000000,7929000000,5664000000,299000000,5332000000,1204000000,0,0,4128000000,0,4128000000,2.58,2.56,1589000000,1604000000,1.59289276808,0.75620010644,0.349175093135,0.30143693454,0.219691325173,0.307397551889,6561000000,5664000000,4128000000,0.283767961682,0.219691325173
ABBV,2012-12-31,18380000000,0.0536574180234,4508000000,13872000000,2778000000,4989000000,8055000000,5817000000,84000000,5725000000,450000000,0,0,5275000000,0,5275000000,3.35,3.35,1580000000,1577000000,0,0.7547,0.379,0.3161,0.287,0.3271,6959000000,5809000000,5275000000,0.3115,0.287
ABBV,2011-12-31,17444000000,0.115487914056,4639000000,12805000000,2618000000,5894000000,9185000000,3620000000,-20000000,3668000000,235000000,0,0,3433000000,0,3433000000,2.18,2.18,,1577000000,0,0.7341,0.282,0.2091,0.197,0.3377,4920000000,3648000000,3433000000,0.2103,0.1968
ABBV,2010-12-31,15638000000,0.100167747792,4293000000,11345000000,2495000000,3820000000,6628000000,4717000000,-28000000,4836000000,658000000,0,0,4178000000,0,4178000000,2.65,2.65,,,0,0.7255,0.383,0.3075,0.267,0.2896,5992000000,4808000000,4178000000,0.3092,0.2672
ABBV,2009-12-31,14214196000,,4056390000,10157806000,1707440000,3348572000,5226012000,4931794000,0,5950317000,1313802000,0,0,4636515000,0,4636515000,,,,,0,0.7146,0.468,0.4186,0.326,0.3556,6647809000,5950317000,4636515000,0.4186,0.3262
ABT,2019-12-31,31904000000,0,13231000000,18673000000,2440000000,9765000000,12205000000,4532000000,670000000,4077000000,390000000,0,0,3687000000,0,3687000000,2.07,2.06,1768000000,1781000000,1.27456485121,0.585287111334,0.236522066199,0.14205115346,0.115565446339,0.140985456369,7546000000,4532000000,3687000000,0.127789618857,0.115565446339
ABT,2018-12-31,30578000000,0,12706000000,17872000000,2300000000,9744000000,12044000000,3650000000,826000000,2873000000,539000000,0,0,2368000000,0,2368000000,1.34,1.33,1758000000,1770000000,1.11525423729,0.584472496566,0.227614624894,0.119366865066,0.077441297665,0.16044214795,6960000000,3650000000,2368000000,0.0939564392701,0.077441297665
ABT,2017-12-31,27390000000,0,12337000000,15053000000,2235000000,9117000000,11352000000,1726000000,904000000,2231000000,1878000000,0,0,477000000,0,477000000,0.27,0.27,1740000000,1749000000,1.05717552887,0.549580138737,0.206608251187,0.0630156991603,0.0174151150055,0.161920408908,5659000000,1726000000,477000000,0.0814530850675,0.0174151150055
ABT,2016-12-31,20853000000,0,9024000000,11829000000,1422000000,6672000000,8094000000,3185000000,431000000,1413000000,350000000,0,0,1400000000,0,1400000000,0.94,0.94,1477000000,1483000000,1.03776129467,0.567256509855,0.225531098643,0.152735817388,0.0671366230279,0.0998417493886,4703000000,3185000000,1400000000,0.0677600345274,0.0671366230279
ABT,2015-12-31,20405000000,0,8747000000,11658000000,1405000000,6785000000,8190000000,2867000000,163000000,3183000000,577000000,0,0,4423000000,0,4423000000,2.94,2.92,1496000000,1506000000,0.958167330677,0.571330556236,0.212643959814,0.140504778241,0.216760597893,0.0909580985053,4339000000,2867000000,4423000000,0.155991178633,0.216760597893
ABT,2014-12-31,20247000000,0,9218000000,11029000000,1345000000,6530000000,7875000000,2599000000,150000000,2518000000,797000000,0,0,2284000000,0,2284000000,1.5,1.49,1516000000,1527000000,0.878847413229,0.544722674964,0.20482046723,0.128364696004,0.112806835581,0.128315305971,4147000000,2599000000,2284000000,0.124364103324,0.112806835581
ABT,2013-12-31,21848000000,0,10040000000,11808000000,1452000000,6936000000,8388000000,2629000000,157000000,2521000000,138000000,0,0,2576000000,0,2576000000,1.64,1.62,1558000000,1574000000,0.560355781449,0.540461369462,0.199011351153,0.120331380447,0.11790552911,0.0997345294764,4348000000,2629000000,2576000000,0.115388136214,0.11790552911
ABT,2012-12-31,39873910000,0,15119718000,24754192000,4322182000,12059495000,16381677000,8084515000,592403000,6262614000,299694000,0,0,5962920000,0,5962920000,3.76,3.72,1575378000,1591838000,1.999456603,0.620811753851,0.272552202681,0.202751999992,0.149544401339,0.188572226802,10867722000,8084515000,5962920000,0.157060443784,0.149544401339
ABT,2011-12-31,38851259000,0,15540580000,23310679000,4129414000,12756817000,16886231000,5751948000,530141000,5198642000,470193000,0,0,4728449000,0,4728449000,3.03,3.01,1557643000,1567389000,1.87451615393,0.599998033526,0.226397862679,0.148050491749,0.121706454867,0.192492526433,8795842000,5751948000,4728449000,0.133808842591,0.121706454867
ABT,2010-12-31,35166721000,0,14665192000,20501529000,3724424000,10376324000,14100748000,6087581000,553135000,4626172000,1086662000,0,0,4626172000,0,4626172000,2.98,2.96,1546400000,1556022000,1.71686197239,0.582980966579,0.2477309727,0.173106301267,0.131549711445,0.219551490172,8711886000,6087581000,4626172000,0.131549711445,0.131549711445
ABT,2009-12-31,30764707000,0.0419,13209329000,17555378000,2743733000,8405904000,11319637000,6235741000,519656000,7193774000,1447936000,0,0,5745838000,0,5745838000,3.71,3.69,1546738426,1546983000,1.56,0.5706,0.319,0.2507,0.187,0.2011,9802940000,7713430000,5745838000,0.2338,0.1868
ACN,2019-08-31,43215013000,0,29900325000,13314688000,799734000,7009614000,7009614000,6305074000,22963000,6251797000,1405556000,0,0,4779112000,0,4779112000,7.49,7.36,638098125,650204873,2.86733163256,0.308103297343,0.166558644793,0.145900083381,0.110589160299,0.139487265687,7197834000,6305074000,4779112000,0.144667247931,0.110589160299
ACN,2018-08-31,41603428000,0,29160515000,12442913000,790779000,6601872000,8631850000,5841041000,19539000,5808093000,1593499000,0,0,4059907000,0,4059907000,6.46,6.34,628451742,655296150,2.60755995591,0.299083839918,0.162674503649,0.140398070082,0.0975858768177,0.129977366288,6767817000,5841041000,4059907000,0.139606116111,0.0975858768177
ACN,2017-08-31,36765478000,0,25734986000,11030492000,704317000,5888090000,7803386000,4632609000,15545000,4616032000,981100000,0,0,3445149000,0,3445149000,5.56,5.44,620104250,660463227,2.37345235271,0.300023081435,0.147812521301,0.126004318508,0.0937060848223,0.121231117953,5434398000,4632609000,3445149000,0.125553433577,0.0937060848223
ACN,2016-08-31,34797661000,0,24520234000,10277427000,643407000,5466982000,7381920000,4810445000,16258000,5603572000,1253969000,0,0,4111892000,0,4111892000,6.58,6.45,624797820,667770274,2.15364183761,0.295348213203,0.159191647967,0.138240469668,0.118165758325,0.117207561738,5539497000,4810445000,4111892000,0.161033007362,0.118165758325
ACN,2015-08-31,32914424000,0,23105185000,9809239000,625541000,5308988000,7175481000,4435869000,14578000,4410530000,1136741000,0,0,3053581000,0,3053581000,4.87,4.76,626799586,678757070,1.99404331803,0.298022502232,0.154394073553,0.134769759301,0.0927733385217,0.112325222523,5081792000,4435869000,3053581000,0.133999914445,0.0927733385217
ACN,2014-08-31,31874678000,0,22190212000,9684466000,639513000,5401969000,7274253000,4300512000,17621000,3175958000,1121743000,0,0,2941498000,0,2941498000,4.64,4.52,634216250,692389966,1.81244105435,0.303829453587,0.154393873406,0.13491938648,0.0922832224376,0.0992704930227,4921255000,4300512000,2941498000,0.0996389045875,0.0922832224376
ACN,2013-08-31,30394285000,0,21010110000,9384175000,715094000,5317537000,7149012000,4338680000,14035000,3554519000,784775000,0,0,3281878000,0,3281878000,5.08,4.93,645536995,712763616,1.57378684156,0.3087480097,0.16225774023,0.142746572259,0.107976812088,0.0965160062163,4931708000,4338680000,3281878000,0.116946952363,0.107976812088
ACN,2012-08-31,29777985000,0,20790284000,8987701000,559611000,5114462000,7030117000,3871548000,15061000,2824933000,1079241000,0,0,2553510000,0,2553510000,3.97,3.84,643132601,726416452,1.30896952758,0.301823679473,0.149946109517,0.130013766882,0.085751604751,0.13046141302,4465093000,3871548000,2553510000,0.0948664928134,0.085751604751
ACN,2011-08-31,27352914000,0,18966195000,8386719000,503222000,4914742000,6760620000,3470457000,15000000,3512022000,958782000,0,0,2277677000,0,2277677000,3.53,3.4,645631170,742184540,0.867226363944,0.306611536891,0.145641265132,0.126877048639,0.0832699945607,0.111067690996,3983713000,3470457000,2277677000,0.128396630794,0.0832699945607
ACN,2010-08-31,23094078000,0,15843331000,7250747000,383700000,4326364000,5869874000,2914845000,14677000,2914369000,853910000,0,0,1780656000,0,1780656000,2.79,2.66,637170234,766047794,1.07584410066,0.313965640889,0.146770656962,0.126216123458,0.0771044420998,0.123555701163,3389533000,2914845000,1780656000,0.126195512114,0.0771044420998
ACN,2009-08-31,23170968000,-0.0847,16329854000,6841114000,0,3947976000,4197249000,2643865000,14121000,2329553000,739590000,348183000,0,1589963000,0,1589963000,2.55,2.44,623007198,786891344,0.5,0.2952,0.123,0.1011,0.069,0.1261,2842265000,2343674000,1938146000,0.1005,0.0686
ADBE,2019-11-29,11171297000,0,1672720000,9498577000,1930228000,4124984000,6230456000,3268121000,157214000,3204741000,253283000,0,0,2951458000,0,2951458000,6.07,6,486291000,491572000,0,0.850266267202,0.358489260468,0.292546245973,0.264200119288,0.360507289351,4004790000,3268121000,2951458000,0.286872777619,0.264200119288
ADBE,2018-11-30,9030008000,0,1194999000,7835009000,1537812000,3365727000,4994640000,2840369000,89242000,2793876000,203102000,0,0,2590774000,0,2590774000,5.28,5.2,490564000,497843000,0,0.867663572391,0.352918956439,0.314547783346,0.286907165531,0.416691214449,3186861000,2840369000,2590774000,0.30939906144,0.286907165531
ADBE,2017-12-01,7301505000,0,1010491000,6291014000,1224059000,2822298000,4122919000,2168095000,74402000,2137641000,443687000,0,0,1693954000,0,1693954000,3.43,3.38,493632000,501123000,0,0.86160510744,0.341586015486,0.296938097009,0.232000662877,0.374543467408,2494092000,2168095000,1693954000,0.292767176082,0.232000662877
ADBE,2016-12-02,5854430000,0,819908000,5034522000,975987000,2487907000,3540920000,1493602000,70442000,1435138000,266356000,0,0,1168782000,0,1168782000,2.35,2.32,498345000,504299000,0,0.859950840645,0.311753151033,0.255123385197,0.199640614031,0.34092524806,1825137000,1493602000,1168782000,0.245137101306,0.199640614031
ADBE,2015-11-27,4795511000,0,744317000,4051194000,862730000,2215161000,3148099000,903095000,64184000,873781000,244230000,0,0,629551000,0,629551000,1.26,1.24,498764000,507164000,0,0.844788803529,0.259110655778,0.188320910952,0.131279231765,0.267868429454,1242568000,903095000,629551000,0.182208110877,0.131279231765
ADBE,2014-11-28,4147065000,0,622080000,3524985000,844353000,2195640000,3112300000,412685000,59732000,191563000,92981000,0,0,268395000,0,268395000,0.54,0.53,497867000,508480000,0,0.849995117029,0.175129881012,0.0995125468253,0.0647192653117,0.274688243372,726275000,412685000,268395000,0.0461924276567,0.0647192653117
ADBE,2013-11-29,4055240000,0,586557000,3468683000,826631000,2140578000,3045960000,422723000,67508000,132916000,66156000,0,0,289985000,0,289985000,0.58,0.56,501372000,513476000,0,0.855358252533,0.183454000256,0.104241179314,0.0715087146507,0.237551414959,743950000,422723000,289985000,0.0327763584893,0.0715087146507
ADBE,2012-11-30,4403677000,0,483782000,3919895000,742823000,1951141000,2739704000,1180191000,67487000,1118794000,286019000,0,0,832775000,0,832775000,1.68,1.66,494731000,502721000,0,0.890141352329,0.336073013529,0.26800126349,0.189109010493,0.278972322448,1479957000,1180191000,832775000,0.254059051107,0.189109010493
ADBE,2011-12-02,4216258000,0,437873000,3778385000,738053000,1800427000,2679086000,1099299000,66952000,1035230000,202383000,0,0,832847000,0,832847000,1.67,1.65,497469000,503921000,0,0.896146535625,0.32481503741,0.26072858919,0.197532266764,0.316161866755,1369504000,1099299000,832847000,0.245532887219,0.197532266764
ADBE,2010-12-03,0,0,0,0,0,0,0,0,0,0,0,0,0,0,0,0,0,0,0,0,0,0,0,0,0,0,0,0,0,0,0
ADBE,2009-11-27,2945853000,-0.1771,296732000,2649121000,565141000,1280652000,1958608000,690513000,3407000,701520000,315012000,0,0,386508000,0,386508000,0.74,0.73,523760118,524470000,0,0.8993,0.335,0.2393,0.131,0.3388,987350000,704927000,386508000,0.2381,0.1312
AMGN,2018-12-31,23747000000,0,4101000000,19646000000,3737000000,5332000000,9383000000,10263000000,0,9545000000,1151000000,0,0,8394000000,0,8394000000,12.7,12.62,661000000,665000000,5.27368421053,0.827304501621,0.514128100392,0.432180907062,0.353476228576,0.444603528867,12209000000,10263000000,8394000000,0.401945508906,0.353476228576
AMGN,2017-12-31,22849000000,0,4069000000,18780000000,3562000000,4870000000,8807000000,9973000000,0,9597000000,7618000000,0,0,1979000000,0,1979000000,2.71,2.69,731000000,735000000,4.57823129252,0.821917808219,0.522035975316,0.436474243949,0.0866121055626,0.460107663355,11928000000,9973000000,1979000000,0.420018381548,0.0866121055626
AMGN,2016-12-31,22991000000,0,4162000000,18829000000,3840000000,5062000000,9035000000,9794000000,0,9163000000,1441000000,0,0,7722000000,0,7722000000,10.32,10.24,748000000,754000000,3.97612732095,0.818972641468,0.517550345787,0.425992779783,0.335870558044,0.418250619808,11899000000,9794000000,7722000000,0.398547257623,0.335870558044
AMGN,2015-12-31,21662000000,0,4227000000,17435000000,4070000000,4846000000,8965000000,8470000000,0,7978000000,1039000000,0,0,6939000000,0,6939000000,9.15,9.06,758000000,766000000,3.12793733681,0.804865663374,0.488320561352,0.391007293879,0.32033053273,0.391607423137,10578000000,8470000000,6939000000,0.36829470963,0.32033053273
AMGN,2014-12-31,20063000000,0,4422000000,15641000000,4297000000,4699000000,9450000000,6191000000,1000000,5585000000,427000000,0,0,5158000000,0,5158000000,6.8,6.7,759000000,770000000,2.4038961039,0.779594278024,0.412849523999,0.308577979365,0.257090165977,0.390619548422,8283000000,6191000000,5158000000,0.278373124657,0.257090165977
AMGN,2013-12-31,18676000000,0,3346000000,15330000000,4083000000,5184000000,9463000000,5867000000,-1000000,5265000000,184000000,0,0,5081000000,0,5081000000,6.75,6.64,753000000,765000000,1.84967320261,0.82083958021,0.383004926108,0.314146498179,0.272060398372,0.29974298565,7153000000,5867000000,5081000000,0,0.272060398372
AMGN,2012-12-31,17265000000,0,0,17265000000,3380000000,4801000000,8476000000,5577000000,0,5009000000,664000000,0,0,4345000000,0,4345000000,5.61,5.52,775000000,787000000,1.42058449809,1,0.386041123661,0.323023457863,0.25166521865,0.300781928758,6665000000,5577000000,4345000000,0,0.25166521865
AMGN,2011-12-31,0,0,0,0,0,0,0,0,0,0,0,0,0,0,0,0,0,0,0,0,0,0,0,0,0,0,0,0,0,0,0
AMGN,2010-12-31,15053000000,0,0,15053000000,0,0,0,0,0,0,0,0,0,0,0,0,0,0,0,0,0,1,0,0,0,0,0,0,0,0,0
AMGN,2009-12-31,14642000000,-0.0241,2091000000,12551000000,2864000000,3820000000,7045000000,5506000000,578000000,5204000000,599000000,0,0,4605000000,0,4605000000,4.53,4.51,1012138434,1016000000,0,0.8572,0.467,0.3949,0.315,0.3965,6831000000,5782000000,4605000000,0.3554,0.3145
AMZN,2019-12-31,2.80522E+11,0,1.65536E+11,1.14986E+11,35931000000,5203000000,1.00445E+11,14541000000,1600000000,13976000000,2374000000,0,0,11588000000,0,11588000000,23.46,23.01,494000000,504000000,0,0.409900114786,0.129508559043,0.0518355066626,0.0413087030607,0.0771882419204,36330000000,14541000000,11588000000,0.0498214043818,0.0413087030607
AMZN,2018-12-31,2.32887E+11,0,1.39156E+11,93731000000,28837000000,4336000000,81310000000,12421000000,1417000000,11261000000,1197000000,0,0,10073000000,0,10073000000,20.68,20.14,487000000,500000000,0,0.402474161289,0.119208027928,0.0533348791474,0.0432527363056,0.0742677779352,27762000000,12421000000,10073000000,0.0483539227179,0.0432527363056
AMZN,2017-12-31,1.77866E+11,0,1.11934E+11,65932000000,22620000000,3674000000,61826000000,4106000000,848000000,3806000000,769000000,0,0,3033000000,0,3033000000,6.32,6.15,480000000,493000000,0,0.370683548289,0.0876165203018,0.0230847941709,0.0170521628642,0.10363981874,15584000000,4106000000,3033000000,0.0213981311774,0.0170521628642
AMZN,2016-12-31,1.35987E+11,0,88265000000,47722000000,16085000000,2432000000,43536000000,4186000000,484000000,3892000000,1425000000,0,0,2371000000,0,2371000000,5.01,4.9,474000000,484000000,0,0.350930603661,0.0904645296977,0.0307823541956,0.0174354901571,0.0713744696184,12302000000,4186000000,2371000000,0.0286203828307,0.0174354901571
AMZN,2015-12-31,1.07006E+11,0,71651000000,35355000000,12540000000,1937000000,35723000000,2233000000,459000000,1568000000,950000000,0,0,596000000,0,596000000,1.28,1.25,467000000,477000000,0,0.330402033531,0.0795656318337,0.0208679887109,0.00556978113377,0.0685101769994,8514000000,2233000000,596000000,0.0146533839224,0.00556978113377
AMZN,2014-12-31,88988000000,0,62752000000,26236000000,9275000000,1677000000,27930000000,178000000,210000000,-111000000,167000000,0,0,-241000000,0,-241000000,-0.52,-0.52,462000000,462000000,0,0.29482626871,0.0553333033667,0.00200026969929,-0.00270823032319,0.0219018294602,4924000000,178000000,-241000000,-0.0012473591945,-0.00270823032319
AMZN,2013-12-31,74452000000,0,54181000000,20271000000,6565000000,1217000000,20954000000,745000000,141000000,506000000,161000000,0,0,274000000,0,274000000,0.6,0.59,457000000,465000000,0,0.272269381615,0.0536990275614,0.0100064471069,0.0036802234997,0.0272793209047,3998000000,745000000,274000000,0.00679632514909,0.0036802234997
AMZN,2012-12-31,61093000000,0,45971000000,15122000000,4564000000,896000000,15340000000,676000000,92000000,544000000,428000000,0,0,-39000000,0,-39000000,-0.09,-0.09,453000000,453000000,0,0.247524266283,0.0713011310625,0.0110650974743,-0.000638371008135,0.00646555251829,4356000000,676000000,-39000000,0.00890445713912,-0.000638371008135
AMZN,2011-12-31,48077000000,0,37288000000,10789000000,2909000000,658000000,10577000000,862000000,65000000,934000000,291000000,0,0,631000000,0,631000000,1.39,1.37,453000000,461000000,0,0.224410840943,0.0616927012917,0.0179295713127,0.0131247790004,0.0435135303784,2966000000,862000000,631000000,0.0194271689165,0.0131247790004
AMZN,2010-12-31,34204000000,0,26561000000,7643000000,1734000000,470000000,6449000000,1406000000,39000000,1497000000,352000000,0,0,1152000000,0,1152000000,2.58,2.53,447000000,456000000,0,0.223453397263,0.0841714419366,0.0411063033563,0.0336802713133,0.0735586481113,2879000000,1406000000,1152000000,0.0437668108993,0.0336802713133
AMZN,2009-12-31,24509000000,0.2788,18978000000,5531000000,1240000000,1008000000,4402000000,1129000000,34000000,1155000000,253000000,0,0,902000000,0,902000000,2.08,2.04,432982766,433000000,0,0.2257,0.064,0.0485,0.037,0.1191,1567000000,1189000000,902000000,0.0471,0.0368
BAC,2019-12-31,48891000000,0,0,48891000000,4646000000,31977000000,36623000000,32754000000,22345000000,32754000000,5324000000,0,0,27430000000,1432000000,27430000000,2.77,2.75,9390500000,9442900000,0.650859375827,1,0.663046368452,0.669939252623,0.56104395492,1.26356589147,32417000000,32754000000,27430000000,0.669939252623,0.56104395492
BAC,2018-12-31,91247000000,0,0,91247000000,0,31880000000,31880000000,34584000000,19337000000,34584000000,6437000000,0,0,28147000000,1451000000,28147000000,2.64,2.61,10096500000,10236900000,0.529847903174,1,0.401624162986,0.3790152005,0.308470415466,0.433110129648,36647000000,34584000000,28147000000,0.3790152005,0.308470415466
BAC,2017-12-31,87352000000,0,0,87352000000,0,31642000000,31642000000,29213000000,12912000000,29213000000,10981000000,0,0,18232000000,1614000000,18232000000,1.63,1.56,10195646000,10778428000,0.373616635005,1,0.332734224746,0.334428519095,0.208718747138,0.119092865647,29065000000,29213000000,18232000000,0.334428519095,0.208718747138
BAC,2016-12-31,83701000000,0,0,83701000000,0,31616000000,31616000000,25153000000,9961000000,25153000000,7247000000,0,0,17906000000,1682000000,17906000000,1.58,1.5,10284147000,11035657000,0.233153313844,1,0.289841220535,0.300510149222,0.213928149007,0.218707064432,24260000000,25153000000,17906000000,0.300510149222,0.213928149007
BAC,2015-12-31,82507000000,0,0,82507000000,0,32868000000,32868000000,22154000000,10549000000,22154000000,6266000000,0,0,15888000000,1483000000,15888000000,1.38,1.31,10462282000,11213992000,0.186463482407,1,0.267504575369,0.26851055062,0.192565479293,0.336092695165,22071000000,22154000000,15888000000,0.26851055062,0.192565479293
BAC,2014-12-31,84247000000,0,0,84247000000,0,33787000000,33787000000,6855000000,10934000000,6855000000,2022000000,0,0,4833000000,1044000000,4833000000,0.36,0.36,10527818000,10584535000,0.119230556656,1,0.0793974859639,0.0813678825359,0.057367027906,0.317388156255,6689000000,6855000000,4833000000,0.0813678825359,0.057367027906
BAC,2013-12-31,88942000000,0,0,88942000000,0,34719000000,35805000000,16172000000,12755000000,16172000000,4741000000,0,0,11431000000,1349000000,11431000000,0.94,0.9,10731165000,11491418000,0.145934992531,1,0.211992084729,0.181826358751,0.12852195813,1.04356771829,18855000000,16172000000,11431000000,0.181826358751,0.12852195813
BAC,2012-12-31,83334000000,0,0,83334000000,0,35648000000,36912000000,3072000000,16744000000,3072000000,-1116000000,0,0,4188000000,1428000000,4188000000,0.26,0.25,10746028000,10840854000,0.17609313805,1,0.0733194134447,0.0368637050904,0.0502555979552,-0.166294669643,6110000000,3072000000,4188000000,0.0368637050904,0.0502555979552
BAC,2011-12-31,93454000000,0,0,93454000000,0,36965000000,38474000000,-230000000,21620000000,-230000000,-1676000000,0,0,1446000000,1361000000,1446000000,0.01,0.01,10142625000,10254824000,0.169481211964,1,0.0348299698247,-0.00246110385858,0.0154728529544,0.690072121044,3255000000,-230000000,1446000000,-0.00246110385858,0.0154728529544
BAC,2010-12-31,617000000,0,0,617000000,0,0,0,0,0,0,0,0,0,0,0,0,0,0,0,0,0,1,0,0,0,0,0,0,0,0,0
BAC,2009-12-31,119643000000,0.6439,0,119643000000,0,62014000000,66713000000,52930000000,0,4360000000,-1916000000,0,0,6276000000,8480000000,-2204000000,-0.29,-0.29,8650759836,7728570000,0.04,1,0.072,0.0364,-0.018,1.0656,8674000000,4360000000,6276000000,0.0364,0.0525
BMY,2019-12-31,26145000000,0,8078000000,18067000000,6148000000,4871000000,11019000000,4975000000,656000000,4975000000,1515000000,0,0,3439000000,0,3439000000,2.02,2.01,1705000000,1712000000,1.5648364486,0.691030789826,0.321629374641,0.190284949321,0.131535666475,0.276572958501,8409000000,4975000000,3439000000,0.190284949321,0.131535666475
BMY,2018-12-31,22561000000,0,6547000000,16014000000,6345000000,4551000000,10896000000,5968000000,183000000,5968000000,1021000000,0,0,4920000000,0,4920000000,3.01,3.01,1633000000,1637000000,1.596212584,0.709808962369,0.301006161074,0.264527281592,0.218075439918,0.22113381499,6791000000,5968000000,4920000000,0.264527281592,0.218075439918
BMY,2017-12-31,20776000000,0,6066000000,14710000000,6411000000,4687000000,11098000000,5131000000,196000000,5131000000,4156000000,0,0,1007000000,0,1007000000,0.61,0.61,1645000000,1652000000,1.55992736077,0.708028494417,0.296303427031,0.246967654987,0.0484693877551,0.203118983442,6156000000,5131000000,1007000000,0.246967654987,0.0484693877551
BMY,2016-12-31,19427000000,0,4946000000,14481000000,4940000000,4911000000,9851000000,5915000000,167000000,5915000000,1408000000,0,0,4457000000,0,4457000000,2.67,2.65,1671000000,1680000000,1.51607142857,0.745405878417,0.332835744068,0.304473155917,0.229422968034,0.0841612189221,6466000000,5915000000,4457000000,0.304473155917,0.229422968034
BMY,2015-12-31,16560000000,0,3909000000,12651000000,5920000000,4841000000,10761000000,2077000000,184000000,2077000000,446000000,0,0,1565000000,0,1565000000,0.94,0.93,1667000000,1679000000,1.47528290649,0.763949275362,0.162922705314,0.125422705314,0.0945048309179,0.0611111111111,2698000000,2077000000,1565000000,0.125422705314,0.0945048309179
BMY,2014-12-31,15879000000,0,3932000000,11947000000,4534000000,4088000000,9356000000,2381000000,203000000,2381000000,352000000,0,0,2004000000,0,2004000000,1.21,1.2,1657000000,1670000000,1.43592814371,0.752377353738,0.240506329114,0.149946470181,0.126204420933,0.165123748347,3819000000,2381000000,2004000000,0.149946470181,0.126204420933
BMY,2013-12-31,16385000000,0,4619000000,11766000000,3731000000,4084000000,8670000000,2563000000,199000000,3641000000,311000000,0,0,2563000000,0,2563000000,1.56,1.54,1644000000,1662000000,1.38929001203,0.718095819347,0.202990540128,0.156423558132,0.156423558132,0.183582545011,3326000000,2563000000,2563000000,0.222215440952,0.156423558132
BMY,2012-12-31,17621000000,0,4610000000,13011000000,3904000000,4220000000,8921000000,1960000000,182000000,2344000000,-161000000,0,0,1960000000,0,1960000000,1.17,1.16,1670000000,1688000000,1.35426540284,0.738380341638,0.149877986493,0.111230917655,0.111230917655,0.362805743147,2641000000,1960000000,1960000000,0.133023097441,0.111230917655
BMY,2011-12-31,21244000000,0,5598000000,15646000000,3839000000,4203000000,8999000000,6981000000,145000000,6981000000,1721000000,0,0,3709000000,0,3709000000,2.18,2.16,1700000000,1717000000,1.31275480489,0.736490303144,0.366315194879,0.328610431181,0.174590472604,0.210553568066,7782000000,6981000000,3709000000,0.328610431181,0.174590472604
BMY,2010-12-31,19484000000,0,5277000000,14207000000,3566000000,3686000000,8229000000,6071000000,145000000,6071000000,1558000000,0,0,3102000000,0,3102000000,1.8,1.79,1713000000,1727000000,1.27504342791,0.729162389653,0.349774173681,0.311588996099,0.159207554917,0.208735372613,6815000000,6071000000,3102000000,0.311588996099,0.159207554917
BMY,2009-12-31,18808000000,0.0617,5140000000,13668000000,3647000000,5082000000,8616000000,5052000000,0,11794000000,1182000000,1250000000,-7442000000,10612000000,0,10612000000,5.35,5.34,1980980141,1980980141,1.25,0.7267,0.665,0.6271,0.564,0.1773,12501000000,11794000000,11862000000,0.6271,0.5642
BRK.B,2018-12-31,225382000000,-0.0689041192096,193228000000,32154000000,0,18238000000,22133000000,10021000000,3853000000,3700000000,-321000000,301000000,0,4021000000,0,4021000000,1.63,1.63,1363526058,1363526058,0,,0.077,,0.018,,17332000000,7553000000,4322000000,,
BRK.B,2017-12-31,242061000000,0.083444485225,194431000000,47630000000,0,19189000000,22420000000,25210000000,4386000000,23425000000,-21515000000,413000000,0,44940000000,0,44940000000,18.22,18.22,1337645811,1337645811,0,,0.153,,0.186,,36999000000,27811000000,45353000000,,
BRK.B,2016-12-31,223418000000,0.0591391987409,166557000000,56861000000,0,17973000000,20562000000,36299000000,3741000000,33314000000,9240000000,353000000,0,24074000000,0,24074000000,9.76,9.76,1289839991,1289839991,0,,0.206,,0.108,,45956000000,37055000000,24427000000,,
BRK.B,2015-12-31,210943000000,0.0834313478754,157051000000,53892000000,0,15309000000,15309000000,38583000000,3515000000,34615000000,10532000000,331000000,0,24083000000,0,24083000000,9.77,9.77,1249170150,1249170150,0,,0.218,,0.114,,45909000000,38130000000,24414000000,,
BRK.B,2014-12-31,194699000000,0.0688937688718,149594000000,45105000000,0,13721000000,13721000000,31384000000,3253000000,27807000000,7935000000,298000000,0,19872000000,0,19872000000,,,1216764787,1216764787,0,,0.197,,0.102,,38430000000,31060000000,20170000000,,
BRK.B,2013-12-31,182150000000,0.121178360611,137271000000,44879000000,0,13282000000,13282000000,31597000000,2801000000,28427000000,8951000000,369000000,0,19476000000,0,19476000000,,,1170733669,1170733669,0,,0.207,,0.107,,37736000000,31228000000,19845000000,,
BRK.B,2012-12-31,162463000000,0.150758965569,125613000000,36850000000,0,11870000000,11870000000,24980000000,2744000000,21748000000,6924000000,488000000,0,14824000000,0,14824000000,,,1100711929,1100711929,0,,0.189,,0.091,,30646000000,24492000000,15312000000,,
BRK.B,2011-12-31,141179000000,0.0582816107463,114402000000,26777000000,0,8670000000,8670000000,18107000000,2664000000,14822000000,4568000000,492000000,0,10254000000,0,10254000000,,,1068158398,1068158398,0,,0.163,,0.073,,22978000000,17486000000,10746000000,,
BRK.B,2010-12-31,133404000000,0.2176230593,103958000000,29446000000,0,7704000000,7704000000,21742000000,2558000000,18574000000,5607000000,527000000,0,12967000000,0,12967000000,,,1038755057,1038755057,0,,0.19,,0.097,,25411000000,21132000000,13494000000,,
BRK.B,2009-12-31,109561000000,0.0602,87810000000,21751000000,0,8117000000,8117000000,13634000000,1992000000,11593000000,3538000000,386000000,0,8055000000,0,8055000000,,,743324684,743324684,0,,0.153,,0.074,,16712000000,13585000000,8441000000,,
CHTR,2019-12-31,45764000000,0,0,45764000000,0,0,25393000000,6511000000,0,2431000000,439000000,0,0,1668000000,0,1668000000,7.6,7.45,219506735,223786380,0.688156267598,1,0.356852547854,0.142273402675,0.036447862949,0.0994886810593,16331000000,6511000000,1668000000,0.0531203566122,0.036447862949
CHTR,2018-12-31,43634000000,0,0,43634000000,0,0,23893000000,5221000000,0,1686000000,180000000,0,0,1230000000,0,1230000000,5.29,5.22,232356665,235525226,0.649611944327,1,0.349085575469,0.119654397947,0.0281890269056,0.060549113077,15232000000,5221000000,1230000000,0.038639592978,0.0281890269056
CHTR,2017-12-31,41581000000,0,0,41581000000,0,0,23105000000,4106000000,0,1028000000,-9087000000,0,0,9895000000,0,9895000000,38.55,34.09,256720715,296703956,0.51566552082,1,0.344484259638,0.0987470238811,0.237969264808,0.0787138356461,14324000000,4106000000,9895000000,0.0247228301388,0.237969264808
CHTR,2016-12-31,29003000000,0,0,29003000000,0,0,16070000000,3355000000,0,820000000,-2925000000,0,0,3522000000,0,3522000000,17.05,15.94,206539100,234791439,0.408873510929,1,0.344998793228,0.115677688515,0.121435713547,0.0936454849498,10006000000,3355000000,3522000000,0.0282729372824,0.121435713547
CHTR,2015-12-31,9754000000,0,0,9754000000,0,0,5031000000,1114000000,0,-331000000,-60000000,0,0,-271000000,0,-271000000,-2.43,-2.43,111869771,111869771,0,1,0.334939511995,0.114209555054,-0.0277834734468,0.0532089399221,3267000000,1114000000,-271000000,-0.0339347959811,-0.0277834734468
CHTR,2014-12-31,9108000000,0,0,9108000000,0,0,5000000000,971000000,0,53000000,236000000,0,0,-183000000,0,-183000000,-1.7,-1.7,108374160,108374160,0,1,0.341458058849,0.106609574001,-0.020092226614,0.0151515151515,3110000000,971000000,-183000000,0.00581906016689,-0.020092226614
CHTR,2013-12-31,8155000000,0,0,8155000000,0,0,5314000000,925000000,846000000,-49000000,120000000,0,0,-169000000,0,-169000000,-1.65,-1.65,101934630,101934630,0,1,0.346045370938,0.113427345187,-0.0207234825261,0.0408338442673,2822000000,925000000,-169000000,-0.00600858369099,-0.0207234825261
CHTR,2012-12-31,7504000000,0,0,7504000000,0,0,4845000000,916000000,907000000,-47000000,257000000,0,0,-304000000,0,-304000000,-3.05,-3.05,99657989,99657989,0,1,0.356343283582,0.122068230277,-0.0405117270789,0.0174573560768,2674000000,916000000,-304000000,-0.00626332622601,-0.0405117270789
CHTR,2011-12-31,7204000000,0,3138000000,4066000000,0,1426000000,1433000000,1041000000,963000000,-70000000,299000000,0,0,-369000000,0,-369000000,-3.39,-3.39,108948554,108948554,0,0.564408661855,0.370210993892,0.144503053859,-0.0512215435869,0.0591338145475,2667000000,1041000000,-369000000,-0.00971682398667,-0.0512215435869
CHTR,2010-12-31,7059000000,0.141678796701,0,7059000000,0,4486000000,6039000000,1020000000,877000000,58000000,295000000,0,0,-237000000,0,-237000000,-2.09,-2.09,114636047,113138461,0,1,0.348,0.1325,-0.034,0.103,2459000000,935000000,-237000000,0.0082,-0.0336
CHTR,2009-11-30,6183000000,,0,6183000000,0,3927000000,7246000000,-1063000000,1020000000,11013000000,-351000000,-1265000000,0,11364000000,0,11364000000,30,12.61,,378784231,0,1,2.139,1.9461,1.838,-0.1011,13227000000,12033000000,10099000000,1.7812,1.8379
CMCSA,2018-12-31,94507000000,0,0,94507000000,0,0,7036000000,19009000000,3542000000,15242000000,3380000000,0,0,11731000000,0,11731000000,2.56,2.53,4584000000,4640000000,0.722413793103,1,0.314103717185,0.201138540002,0.124128371443,0.153671156634,29685000000,19009000000,11731000000,0.161279058694,0.124128371443
CMCSA,2017-12-31,84526000000,0,0,84526000000,0,0,6317000000,17987000000,3086000000,15322000000,-7578000000,0,0,22714000000,0,22714000000,4.82,4.75,4708000000,4786000000,0.602381947346,1,0.329034853181,0.212798428886,0.26872205002,0.140229041952,27812000000,17987000000,22714000000,0.181269668504,0.26872205002
CMCSA,2016-12-31,80403000000,0,0,80403000000,0,0,6114000000,16859000000,2942000000,14353000000,5308000000,0,0,8695000000,0,8695000000,3.61,3.57,2410000000,2438000000,1.06685808039,1,0.328557392137,0.2096812308,0.108142730993,0.125679390073,26417000000,16859000000,8695000000,0.178513239556,0.108142730993
CMCSA,2015-12-31,74510000000,0,0,74510000000,0,0,5943000000,15998000000,2702000000,13372000000,4959000000,0,0,8163000000,0,8163000000,3.28,3.24,2486000000,2518000000,0.967831612391,1,0.331203865253,0.214709434975,0.109555764327,0.137954636961,24678000000,15998000000,8163000000,0.179465843511,0.109555764327
CMCSA,2014-12-31,68775000000,0,0,68775000000,0,0,5078000000,14904000000,2617000000,12465000000,3873000000,0,0,8380000000,0,8380000000,3.24,3.2,2583000000,2620000000,0.860305343511,1,0.333304252999,0.216706652126,0.121846601236,0.138495092694,22923000000,14904000000,8380000000,0.181243184297,0.121846601236
CMCSA,2013-12-31,64657000000,0,0,64657000000,0,0,4969000000,13563000000,2574000000,11115000000,3980000000,0,0,6816000000,0,6816000000,2.6,2.56,2625000000,2665000000,0.736960600375,1,0.45908408989,0.209768470545,0.10541782019,0.116986559847,29683000000,13563000000,6816000000,0.171907140758,0.10541782019
CMCSA,2012-12-31,62570000000,0,0,62570000000,0,0,4807000000,12179000000,2521000000,11609000000,3744000000,0,0,6203000000,0,6203000000,2.32,2.28,2678000000,2717000000,0.591829223408,1,0.470369186511,0.194645996484,0.0991369665974,0.146076394438,29431000000,12179000000,6203000000,0.185536199457,0.0991369665974
CMCSA,2011-12-31,55842000000,0,0,55842000000,0,0,37485000000,10721000000,2505000000,8207000000,3050000000,0,0,4160000000,0,4160000000,1.51,1.5,2746000000,2778000000,0.427285817135,1,0.450270405788,0.191988109308,0.074495899144,0.161849503958,25144000000,10721000000,4160000000,0.146968231797,0.074495899144
CMCSA,2010-12-31,37937000000,0,0,37937000000,0,8091000000,23341000000,7980000000,2156000000,6104000000,2436000000,0,0,3635000000,0,3635000000,1.29,1.29,2808000000,2820000000,0.377304964539,1,0.384743126763,0.210348736062,0.0958167488204,0.163903313388,14596000000,7980000000,3635000000,0.160898331444,0.0958167488204
CMCSA,2009-12-31,35756000000,0.0387,0,35756000000,0,22042000000,28542000000,7214000000,2348000000,5116000000,1478000000,-10000000,0,3638000000,0,3638000000,0.635,0.63,5709366964,5709366964,0.133,1,0.391,0.2087,0.102,0.1298,13964000000,7464000000,3628000000,0.1431,0.1017
COST,2019-09-01,1.52703E+11,0,1.32886E+11,16465000000,0,14994000000,14994000000,4737000000,150000000,4765000000,1061000000,0,0,3659000000,0,3659000000,8.32,8.26,439755000,442923000,2.34352246327,0.107823683883,0.0407916019987,0.031021001552,0.0239615462696,0.0219903996647,6229000000,4737000000,3659000000,0.0312043640269,0.0239615462696
COST,2018-09-02,1.41576E+11,0,1.23152E+11,18424000000,0,13876000000,13876000000,4480000000,159000000,4442000000,1263000000,0,0,3134000000,0,3134000000,7.15,7.09,438515000,441834000,1.55940918988,0.130135051139,0.0417938068599,0.0316437814319,0.0221365203142,0.0198126801153,5917000000,4480000000,3134000000,0.0313753743572,0.0221365203142
COST,2017-09-03,1.29025E+11,0,1.11882E+11,17143000000,0,12950000000,12950000000,4111000000,134000000,4039000000,1325000000,0,0,2679000000,0,2679000000,6.11,6.08,438437000,440937000,8.85387254869,0.132865723697,0.0424801395078,0.0318620422399,0.0207634179423,0.0327378415036,5481000000,4111000000,2679000000,0.0313040108506,0.0207634179423
COST,2016-08-28,1.18719E+11,0,1.02901E+11,15818000000,0,12068000000,12068000000,3672000000,133000000,3619000000,1243000000,0,0,2350000000,0,2350000000,5.36,5.33,438585000,441263000,1.69060174998,0.133238992916,0.0415013603551,0.030930179668,0.0197946411274,0.00541615074251,4927000000,3672000000,2350000000,0.0304837473361,0.0197946411274
COST,2015-08-30,1.16199E+11,0,1.01065E+11,15134000000,0,11445000000,11445000000,3624000000,124000000,3604000000,1195000000,0,0,2377000000,0,2377000000,5.41,5.37,439455000,442716000,6.47141734204,0.1302420847,0.0408867546192,0.0311878759714,0.0204562861987,0.016282412069,4751000000,3624000000,2377000000,0.0310157574506,0.0204562861987
COST,2014-08-31,1.1264E+11,0,98458000000,14182000000,0,10899000000,10899000000,3220000000,113000000,3197000000,1109000000,0,0,2058000000,0,2058000000,4.69,4.65,438693000,442485000,1.31981875092,0.125905539773,0.0377219460227,0.0285866477273,0.0182705965909,0.01767578125,4249000000,3220000000,2058000000,0.0283824573864,0.0182705965909
COST,2013-09-01,1.05156E+11,0,91948000000,13208000000,0,10104000000,10104000000,3053000000,99000000,3051000000,990000000,0,0,2039000000,0,2039000000,4.68,4.63,435741000,440512000,8.08150515763,0.125603864734,0.0380292137396,0.0290330556507,0.0193902392636,0.0128761078778,3999000000,3053000000,2039000000,0.0290140362889,0.0193902392636
COST,2012-09-02,99137000000,0,86823000000,12314000000,0,9518000000,9518000000,2759000000,95000000,2767000000,1000000000,0,0,1709000000,0,1709000000,3.94,3.89,433620000,439373000,1.01508285671,0.124211949121,0.0369892169422,0.0278301744051,0.0172387705902,0.0159072798249,3667000000,2759000000,1709000000,0.0279108708151,0.0172387705902
COST,2011-08-28,88915000000,0,77739000000,11176000000,0,8682000000,8682000000,2439000000,116000000,2383000000,841000000,0,0,1462000000,0,1462000000,3.35,3.3,436119000,443094000,0.877917552483,0.125693077658,0.0370466175561,0.0274306922342,0.0164426699657,0.0214586965079,3294000000,2439000000,1462000000,0.0268008772423,0.0164426699657
COST,2010-08-29,77946000000,0,67995000000,9951000000,0,7840000000,7840000000,2077000000,111000000,2054000000,731000000,0,0,1303000000,0,1303000000,2.97,2.92,438611000,445970000,0.757898513353,0.127665306751,0.0368460216047,0.0266466528109,0.016716701306,0.0221307058733,2872000000,2077000000,1303000000,0.0263515767326,0.016716701306
COST,2009-08-30,71422000000,-0.0146,62335000000,9087000000,0,7252000000,7310000000,1777000000,108000000,1714000000,628000000,13000000,0,1086000000,0,1086000000,2.5,2.47,433988000,440454000,0.68,0.1272,0.036,0.0255,0.015,0.0119,2550000000,1822000000,1099000000,0.024,0.0152
CRM,2020-01-31,16043000000,0,3198000000,12863000000,2766000000,9634000000,12566000000,297000000,0,706000000,580000000,0,0,126000000,0,126000000,0.15,0.15,829000000,850000000,0,0.80178270897,0.207691828212,0.0185127469925,0.00785389266347,0.22988219161,3332000000,297000000,126000000,0.044006731908,0.00785389266347
CRM,2019-01-31,13282000000,0,3451000000,9831000000,1886000000,7410000000,9296000000,535000000,154000000,983000000,-127000000,0,0,1110000000,0,1110000000,1.48,1.43,751000000,775000000,0,0.740174672489,0.169703357928,0.0402800783015,0.0835717512423,0.211037494353,2254000000,535000000,1110000000,0.0740099382623,0.0835717512423
CRM,2018-01-31,10480012000,0,2773522000,7706490000,1553073000,5917649000,7470722000,235768000,86943000,202108000,74630000,0,0,127478000,0,127478000,0.18,0.17,714919000,734598000,0,0.735351257231,0.141631230957,0.0224969208051,0.0121639173696,0.21029918668,1484297000,235768000,127478000,0.0192850924216,0.0121639173696
CRM,2017-01-31,8391984000,0,2234039000,6157945000,1208127000,4885590000,6093717000,64228000,88988000,25383000,-154249000,0,0,179632000,0,179632000,0.26,0.26,687797000,700217000,0,0.733788934774,0.13090527818,0.00765349409627,0.0214051885704,0.202364542163,1098555000,64228000,179632000,0.00302467211568,0.0214051885704
CRM,2016-01-31,6667216000,0,1654548000,5012668000,946300000,3988062000,4934362000,114923000,72485000,64279000,111705000,0,0,-47426000,0,-47426000,-0.07,-0.07,661647000,661647000,0,0.751838248528,0.14806989904,0.0172370296688,-0.00711331386294,0.199199935925,987214000,114923000,-47426000,0.00964105557702,-0.00711331386294
CRM,2015-01-31,5373586000,0,1289270000,4084316000,792917000,3437032000,4229949000,-145633000,73237000,-213085000,49603000,0,0,-262688000,0,-262688000,-0.42,-0.42,624148000,624148000,0,0.760072696334,0.111643323472,-0.0271016412504,-0.0488850462243,0.164370682818,599925000,-145633000,-262688000,-0.039654152739,-0.0488850462243
CRM,2014-01-31,4071003000,0,968428000,3102575000,623798000,2764851000,3388649000,-286074000,77211000,-326392000,-125760000,0,0,-232175000,0,-232175000,-0.39,-0.39,597613000,597613000,0,0.762115626051,0.0804956419831,-0.0702711346565,-0.0570313998786,0.141576658136,327698000,-286074000,-232175000,-0.0801748365206,-0.0570313998786
CRM,2013-01-31,3050195000,0,683579000,2366616000,429479000,2047847000,2477326000,-110710000,30948000,-90743000,142651000,0,0,-270445000,0,-270445000,-1.92,-1.92,141224000,141224000,0,0.775890066045,0.0934330428055,-0.0362960400892,-0.0886648230687,0.184019710215,284989000,-110710000,-270445000,-0.0297499012358,-0.0886648230687
CRM,2012-01-31,2266539000,0,488886000,1777653000,295347000,1517391000,1812738000,-35085000,17045000,-33317000,-21745000,0,0,-11572000,0,-11572000,-0.09,-0.09,135302000,135302000,0,0.784302851175,0.105774928206,-0.0154795483334,-0.00510558168203,0.194067695283,239743000,-35085000,-11572000,-0.0146995043986,-0.00510558168203
CRM,2011-01-31,1657139000,0,323813000,1333326000,187887000,1047942000,1235829000,97497000,24909000,104298000,34601000,0,0,64474000,0,64474000,0.5,0.47,130222000,136598000,0,0.804595148627,0.164755642104,0.0588345334942,0.0389068146969,0.222186551641,273023000,97497000,64474000,0.0629385947709,0.0389068146969
CRM,2010-01-31,1305583000,0,257925000,1047658000,131897000,800489000,932386000,115272000,2000000,142381000,57689000,0,0,80719000,0,80719000,0.65,0.63,124462000,128114000,0,0.802444578399,0.17851641757,0.0882915908066,0.0618260194871,0.16621693144,233068000,115272000,80719000,0.109055494748,0.0618260194871
CSCO,2019-07-27,51904000000,0,19238000000,32666000000,6577000000,11398000000,18447000000,14219000000,859000000,14571000000,2950000000,0,0,11621000000,0,11621000000,2.63,2.61,4419000000,4453000000,1.34269032113,0.629354192355,0.310496300863,0.273948057953,0.223894112207,0.287492293465,16116000000,14219000000,11621000000,0.280729808878,0.223894112207
CSCO,2018-07-28,49330000000,0,18724000000,30606000000,6332000000,11386000000,18297000000,12309000000,943000000,13039000000,12929000000,0,0,110000000,0,110000000,0.02,0.02,4837000000,4881000000,1.22925629994,0.620433813095,0.293959051287,0.249523616461,0.00222988039732,0.260125684168,14501000000,12309000000,110000000,0.264321913643,0.00222988039732
CSCO,2017-07-29,48005000000,0,17781000000,30224000000,6059000000,11177000000,18251000000,11973000000,861000000,12287000000,2678000000,0,0,9609000000,0,9609000000,1.92,1.9,5010000000,5049000000,1.09150326797,0.62960108322,0.297031559213,0.249411519633,0.200166649307,0.268971982085,14259000000,11973000000,9609000000,0.255952504947,0.200166649307
CSCO,2016-07-30,49247000000,0,18287000000,30960000000,6296000000,11433000000,18300000000,12660000000,676000000,12920000000,2181000000,0,0,10739000000,0,10739000000,2.13,2.11,5053000000,5088000000,0.93356918239,0.628667736106,0.300728978415,0.257071496741,0.21806404451,0.252279326659,14810000000,12660000000,10739000000,0.262351006153,0.21806404451
CSCO,2015-07-25,49161000000,0,19480000000,29681000000,6207000000,11861000000,18911000000,10770000000,566000000,11201000000,2220000000,0,0,8981000000,0,8981000000,1.76,1.75,5104000000,5146000000,0.794014768752,0.603750940786,0.2687496186,0.219076096906,0.182685462053,0.230365533655,13212000000,10770000000,8981000000,0.227843209048,0.182685462053
CSCO,2014-07-26,47142000000,0,19373000000,27769000000,6294000000,11437000000,18424000000,9345000000,564000000,9715000000,1862000000,0,0,7853000000,0,7853000000,1.5,1.49,5234000000,5281000000,0.711607650066,0.589050103941,0.249819693691,0.198230876925,0.166581816639,0.234546688728,11777000000,9345000000,7853000000,0.206079504476,0.166581816639
CSCO,2013-07-27,48607000000,0,19167000000,29440000000,5942000000,11802000000,18244000000,11196000000,583000000,11227000000,1244000000,0,0,9983000000,0,9983000000,1.87,1.86,5329000000,5380000000,0.615241635688,0.605674079865,0.278704713313,0.230337194231,0.205381940873,0.24140555887,13547000000,11196000000,9983000000,0.230974962454,0.205381940873
CSCO,2012-07-28,46061000000,0,17852000000,28209000000,0,11969000000,18144000000,10065000000,596000000,10159000000,2118000000,0,0,8041000000,0,8041000000,1.5,1.49,5370000000,5404000000,0.277757216876,0.61242699898,0.275004884827,0.218514578494,0.174572849048,0.225027680684,12667000000,10065000000,8041000000,0.220555350513,0.174572849048
CSCO,2011-07-30,43218000000,0,16682000000,26536000000,0,11720000000,18862000000,7674000000,628000000,7825000000,1335000000,0,0,6490000000,0,6490000000,1.17,1.17,5529000000,5563000000,0.118281502786,0.614003424499,0.235087232172,0.177564903512,0.150168911102,0.206048405757,10160000000,7674000000,6490000000,0.181058818085,0.150168911102
CSCO,2010-07-31,40040000000,0,14397000000,25643000000,0,10715000000,16479000000,9164000000,623000000,9415000000,1648000000,0,0,7767000000,0,7767000000,1.36,1.33,5732000000,5848000000,0,0.640434565435,0.27957042957,0.228871128871,0.193981018981,0.228896103896,11194000000,9164000000,7767000000,0.23513986014,0.193981018981
CSCO,2009-07-25,36117000000,-0.0866,13023000000,23094000000,5208000000,9968000000,15772000000,7322000000,346000000,7693000000,1559000000,0,0,6134000000,0,6134000000,1.05,1.05,5828000000,5857000000,0,0.6394,0.272,0.2226,0.17,0.2462,9807000000,8039000000,6134000000,0.213,0.1698
CVX,2019-12-31,1.46516E+11,0,80113000000,66403000000,770000000,4143000000,5330000000,5536000000,761000000,5536000000,2691000000,0,0,2924000000,0,2924000000,1.55,1.54,1882000000,1895000000,4.72770448549,0.453213300936,0.237202762838,0.0377842692948,0.0199568647793,0.0900788992328,34754000000,5536000000,2924000000,0.0377842692948,0.0199568647793
CVX,2018-12-31,1.66339E+11,0,94578000000,71761000000,1210000000,3838000000,5608000000,20575000000,713000000,20575000000,5715000000,0,0,14824000000,0,14824000000,7.81,7.74,1898000000,1914000000,4.44200626959,0.431414160239,0.240436698549,0.123693180793,0.0891192083636,0.101154870475,39994000000,20575000000,14824000000,0.123693180793,0.0891192083636
CVX,2017-12-31,1.41722E+11,0,19437000000,1.22285E+11,864000000,4448000000,5312000000,9221000000,264000000,9221000000,-48000000,0,0,9195000000,0,9195000000,4.88,4.85,1883000000,1898000000,4.28451001054,0.86285121576,0.201591848831,0.0650639985323,0.064880540777,0.0501756960811,28570000000,9221000000,9195000000,0.0650639985323,0.064880540777
CVX,2016-12-31,1.14472E+11,0,20268000000,94204000000,1033000000,4684000000,5717000000,-2160000000,168000000,-2160000000,-1729000000,0,0,-497000000,0,-497000000,-0.27,-0.27,1873000000,1873000000,4.28830752803,0.822943601929,0.151102453002,-0.0188692431337,-0.00434167307289,-0.045976308617,17297000000,-2160000000,-497000000,-0.0188692431337,-0.00434167307289
CVX,2015-12-31,1.38477E+11,0,23034000000,1.15443E+11,3340000000,4443000000,7783000000,4842000000,0,4842000000,132000000,0,0,4587000000,0,4587000000,2.46,2.45,1868000000,1875000000,4.2624,0.833661907754,0.186883020285,0.0349660954527,0.0331246344158,-0.0725607862678,25879000000,4842000000,4587000000,0.0349660954527,0.0331246344158
CVX,2014-12-31,2.1197E+11,0,25285000000,1.86685E+11,1985000000,4494000000,6479000000,31202000000,0,31202000000,11892000000,0,0,19241000000,0,19241000000,10.21,10.14,1884000000,1898000000,4.177028451,0.880714252017,0.226423550502,0.147200075482,0.0907722790961,-0.0185497947823,47995000000,31202000000,19241000000,0.147200075482,0.0907722790961
CVX,2013-12-31,2.28848E+11,0,24627000000,2.04221E+11,1861000000,4510000000,6371000000,35905000000,0,35905000000,14308000000,0,0,21423000000,0,21423000000,11.18,11.09,1917000000,1932000000,3.8685300207,0.892387086625,0.218883276236,0.156894532616,0.0936123540516,-0.0130348528281,50091000000,35905000000,21423000000,0.156894532616,0.0936123540516
CVX,2012-12-31,2.41909E+11,0,22570000000,2.19339E+11,1728000000,4724000000,6452000000,46332000000,0,46332000000,19996000000,0,0,26179000000,0,26179000000,13.42,13.32,1950000000,1965000000,3.48295165394,0.906700453476,0.246973035315,0.191526565775,0.108218379639,0.0325494297442,59745000000,46332000000,26179000000,0.191526565775,0.108218379639
CVX,2011-12-31,0,0,0,0,0,0,0,0,0,0,0,0,0,0,0,0,0,0,0,0,0,0,0,0,0,0,0,0,0,0,0
CVX,2010-12-31,1093000000,0,19188000000,-18095000000,1147000000,4767000000,5914000000,0,0,0,0,0,0,0,0,0,0,0,0,0,0,-16.5553522415,0,0,0,0,0,0,0,0,0
CVX,2009-12-31,171636000000,-0.3713,135101000000,36535000000,1342000000,4527000000,17979000000,18556000000,28000000,18448000000,7965000000,80000000,0,10483000000,0,10483000000,5.26,5.24,2006267842,2006267842,2.66,0.2129,0.178,0.1076,0.061,-0.0027,30586000000,18476000000,10563000000,0.1075,0.0611
DIS,2019-09-28,69570000000,0,36450000000,33120000000,0,11541000000,10563000000,13944000000,1246000000,13944000000,3031000000,0,0,11054000000,0,11054000000,6.68,6.64,1656000000,1666000000,1.73769507803,0.476067270375,0.260227109386,0.200431220354,0.15889032629,0.0159264050597,18104000000,13944000000,11054000000,0.200431220354,0.15889032629
DIS,2018-09-29,59434000000,0.0779331483396,32726000000,26708000000,0,8860000000,11904000000,14804000000,574000000,14261000000,1663000000,468000000,0,12598000000,0,12598000000,8.4,8.36,1487242596,1499000000,1.68,0.4494,0.3,0.2496,0.212,0.1654,17846000000,14835000000,13066000000,0.2399,0.212
DIS,2017-09-30,55137000000,-0.0088977566868,30306000000,24831000000,0,8176000000,11056000000,13775000000,385000000,13402000000,4422000000,386000000,0,8980000000,0,8980000000,5.73,5.69,1543480961,1568000000,1.56,0.4504,0.301,0.25,0.163,0.1582,16569000000,13787000000,9366000000,0.2431,0.1629
DIS,2016-10-01,55632000000,0.0603640522253,29993000000,25639000000,0,8754000000,11437000000,14202000000,260000000,14469000000,5078000000,399000000,0,9391000000,0,9391000000,5.76,5.73,1607101183,1629000000,1.42,0.4609,0.31,0.2648,0.169,0.1503,17256000000,14729000000,9790000000,0.2601,0.1688
DIS,2015-10-03,52465000000,0.074816135046,28364000000,24101000000,0,8523000000,10930000000,13171000000,117000000,13398000000,5016000000,470000000,0,8382000000,0,8382000000,4.95,4.9,1687857933,1694000000,1.81,0.4594,0.302,0.2576,0.16,0.1357,15869000000,13515000000,8852000000,0.2554,0.1598
DIS,2014-09-27,48813000000,0.0837459203837,26420000000,22393000000,0,8565000000,10993000000,11400000000,-23000000,11743000000,4242000000,503000000,0,7501000000,0,7501000000,4.31,4.26,1716544546,1740000000,0.86,0.4588,0.287,0.2401,0.154,0.1325,14008000000,11720000000,8004000000,0.2406,0.1537
DIS,2013-09-28,45041000000,0.0653531387483,25034000000,20007000000,0,8365000000,10771000000,9236000000,235000000,9120000000,2984000000,500000000,0,6136000000,0,6136000000,3.42,3.38,1786442476,1792000000,0.75,0.4442,0.256,0.2077,0.136,0.1478,11547000000,9355000000,6636000000,0.2025,0.1362
DIS,2012-09-29,42278000000,0.033868877314,23468000000,18810000000,0,7960000000,10047000000,8763000000,369000000,8769000000,3087000000,491000000,0,5682000000,0,5682000000,3.17,3.13,1794274732,1794000000,0.6,0.4449,0.263,0.2161,0.134,0.0989,11125000000,9138000000,6173000000,0.2074,0.1344
DIS,2011-10-01,40893000000,0.0743504190421,0,40893000000,0,0,33167000000,7726000000,343000000,7592000000,2785000000,451000000,0,4807000000,0,4807000000,2.56,2.52,1856004398,1878000000,0.4,1,0.239,0.194,0.118,0.084,9776000000,7935000000,5258000000,0.1857,0.1176
DIS,2010-10-02,38063000000,0.052947522753,0,38063000000,0,0,31607000000,6456000000,409000000,6277000000,2314000000,350000000,0,3963000000,0,3963000000,2.07,2.03,1912606953,1915000000,0.35,1,0.221,0.1757,0.104,0.1174,8399000000,6686000000,4313000000,0.1649,0.1041
DIS,2009-10-03,36149000000,-0.0448,0,36149000000,0,0,30944000000,5205000000,466000000,5356000000,2049000000,302000000,0,3307000000,0,3307000000,1.78,1.76,1858556517,1856000000,0.35,1,0.206,0.1611,0.091,0.0986,7453000000,5822000000,3609000000,0.1482,0.0915
FB,2019-12-31,70697000000,0,12770000000,57927000000,13600000000,20341000000,43236000000,23986000000,20000000,24812000000,6327000000,0,0,18485000000,0,18485000000,6.48,6.43,2854000000,2876000000,0,0.819369987411,0.420484603307,0.339278894437,0.261467954793,0.300041020128,29727000000,23986000000,18485000000,0.350962558524,0.261467954793
FB,2018-12-31,55838000000,0,9355000000,46483000000,10273000000,11297000000,29590000000,24913000000,9000000,25361000000,3249000000,0,0,22112000000,0,22112000000,7.65,7.57,2890000000,2921000000,0,0.83246176439,0.52344281672,0.446165693614,0.396002722161,0.275063576776,29228000000,24913000000,22112000000,0.454188903614,0.396002722161
FB,2017-12-31,40653000000,0,5454000000,35199000000,7754000000,7242000000,22264000000,20203000000,6000000,20594000000,4660000000,0,0,15934000000,0,15934000000,5.49,5.39,2901000000,2956000000,0,0.865840159398,0.571372346444,0.496962093818,0.391951393501,0.430054362532,23228000000,20203000000,15934000000,0.506580080191,0.391951393501
FB,2016-12-31,27638000000,0,3789000000,23849000000,5919000000,5503000000,17745000000,12427000000,10000000,12518000000,2301000000,0,0,10217000000,0,10217000000,3.56,3.49,2863000000,2925000000,0,0.862906143715,0.534372964759,0.449634561112,0.369672190462,0.420327085896,14769000000,12427000000,10217000000,0.452927129315,0.369672190462
FB,2015-12-31,17928000000,0,2867000000,15061000000,4816000000,4020000000,14693000000,6225000000,23000000,6194000000,2506000000,0,0,3688000000,0,3688000000,1.31,1.29,2803000000,2853000000,0,0.840082552432,0.455711735832,0.347222222222,0.205711735832,0.338911200357,8170000000,6225000000,3688000000,0.345493083445,0.205711735832
FB,2014-12-31,12466000000,0,2153000000,10313000000,2666000000,2653000000,8931000000,4994000000,23000000,4910000000,1970000000,0,0,2940000000,0,2940000000,1.12,1.1,2614000000,2664000000,0,0.827290229424,0.500320872774,0.40060965827,0.23584148885,0.290871169581,6237000000,4994000000,2940000000,0.393871330018,0.23584148885
FB,2013-12-31,7872000000,0,1875000000,5997000000,1415000000,1778000000,4963000000,2804000000,56000000,2754000000,1254000000,0,0,1500000000,0,1500000000,0.62,0.6,2420000000,2517000000,0,0.76181402439,0.484629065041,0.356199186992,0.190548780488,0.36331300813,3815000000,2804000000,1500000000,0.349847560976,0.190548780488
FB,2012-12-31,5089000000,0,1364000000,3725000000,1399000000,1788000000,6243000000,538000000,51000000,494000000,441000000,0,0,53000000,0,53000000,0.02,0.01,2006000000,2166000000,0,0.731970917666,0.233248182354,0.105718215759,0.0104146197681,0.0740813519355,1187000000,538000000,53000000,0.0970721163293,0.0104146197681
FB,2011-12-31,3711000000,0.879939209726,860000000,2851000000,388000000,707000000,1095000000,1756000000,42000000,1695000000,695000000,0,0,1000000000,332000000,668000000,0.52,0.46,,1294000000,0,0.7683,0.555,0.4681,0.18,0.2541,2060000000,1737000000,1000000000,0.4568,0.2695
FB,2010-12-31,1974000000,1.54054054054,493000000,1481000000,144000000,305000000,449000000,1032000000,22000000,1008000000,402000000,0,0,606000000,234000000,372000000,0.34,0.28,,1107000000,0,0.7503,0.592,0.5218,0.188,0.2052,1169000000,1030000000,606000000,0.5106,0.307
FB,2009-12-31,777000000,,223000000,554000000,87000000,205000000,292000000,262000000,10000000,254000000,25000000,0,0,229000000,107000000,122000000,0.12,0.1,,,0,0.713,0.44,0.3398,0.157,0.157,342000000,264000000,229000000,0.3269,0.2947
GOOG,2019-12-31,1.61857E+11,0,71896000000,89961000000,26018000000,28015000000,54033000000,34231000000,100000000,39625000000,5282000000,0,0,34343000000,0,34343000000,49.59,49.16,346667000,352214000,0,0.555805433191,0.284275626016,0.211489154006,0.212181122843,0.175815689158,46012000000,34231000000,34343000000,0.244814867445,0.212181122843
GOOG,2018-12-31,1.36819E+11,0,59549000000,77270000000,21419000000,24459000000,45878000000,26321000000,114000000,34913000000,4177000000,0,0,30736000000,0,30736000000,44.22,43.7,349728000,357184000,0,0.564760742295,0.258414401509,0.192378251559,0.224647161578,0.155979798127,35356000000,26321000000,30736000000,0.255176547117,0.224647161578
GOOG,2018-12-01,136819000000,0.234215867575,59549000000,77270000000,21419000000,24459000000,45878000000,31392000000,114000000,34913000000,4177000000,,,30736000000,,30736000000,44.22,43.7,695000000,750000000,,0.56476074229456,0.32204591467559,0.25600976472566,0.22464716157844,,44062000000,35027000000,30736000000,0.25517654711699,0.22464716157844
GOOG,2017-12-31,1.10855E+11,0,45583000000,65272000000,16625000000,19765000000,36390000000,26146000000,109000000,27193000000,14531000000,0,0,12662000000,0,12662000000,18.27,18,348151000,357642000,0,0.588805195977,0.298236434983,0.235857651888,0.114221280051,0.213071128952,33061000000,26146000000,12662000000,0.245302422083,0.114221280051
GOOG,2017-12-01,110855000000,0.22801090039,45583000000,65272000000,16625000000,19765000000,36390000000,28882000000,109000000,27193000000,14531000000,,,12662000000,,12662000000,18.27,18,693000000,704000000,,0.58880519597673,0.30866447160705,0.24628568851202,0.11422128005052,,34217000000,27302000000,12662000000,0.2453024220829,0.11422128005052
GOOG,2016-12-31,90272000000,0,35138000000,55134000000,13948000000,17470000000,31418000000,23716000000,124000000,24150000000,4672000000,0,0,19478000000,0,19478000000,28.32,27.85,344702000,353575000,0,0.61075416519,0.330778092875,0.262717121588,0.21577011698,0.275146224743,29860000000,23716000000,19478000000,0.267524813896,0.21577011698
GOOG,2016-12-01,90272000000,0.203803224473,35138000000,55134000000,13948000000,17470000000,31418000000,23716000000,124000000,24150000000,4672000000,,,19478000000,,19478000000,28.32,27.85,688000000,699000000,,0.61075416518965,0.33695941155619,0.26889844026941,0.21577011697979,,30418000000,24274000000,19478000000,0.26752481389578,0.21577011697979
GOOG,2015-12-31,74989000000,0,28164000000,46825000000,12282000000,15183000000,27465000000,19360000000,104000000,19651000000,3303000000,0,0,16348000000,522000000,16348000000,24.63,24.34,343241000,349150000,0.134612630674,0.624424915654,0.325687767539,0.258171198442,0.218005307445,0.211671045087,24423000000,19360000000,16348000000,0.262051767593,0.218005307445
GOOG,2015-12-01,74989000000,0.136179754852,28164000000,46825000000,12282000000,15183000000,27465000000,19360000000,104000000,19651000000,3303000000,,,16348000000,,16348000000,23.11,22.84,685000000,693000000,,0.6244249156543,0.33095520676366,0.26343863766686,0.21800530744509,,24818000000,19755000000,16348000000,0.26205176759258,0.21800530744509
GOOG,2014-12-01,66001000000,,25691000000,40310000000,9832000000,13982000000,23814000000,16496000000,101000000,17259000000,3331000000,,,14444000000,,14444000000,21.37,21.02,676000000,687000000,,0.61074832199512,0.33846456871866,0.27084438114574,0.21884516901259,,22339000000,17876000000,14444000000,0.26149603793882,0.21884516901259
GOOGL,2019-12-31,1.61857E+11,0,71896000000,89961000000,26018000000,28015000000,54033000000,34231000000,100000000,39625000000,5282000000,0,0,34343000000,0,34343000000,49.59,49.16,346667000,352214000,0,0.555805433191,0.284275626016,0.211489154006,0.212181122843,0.175815689158,46012000000,34231000000,34343000000,0.244814867445,0.212181122843
GOOGL,2018-12-31,1.36819E+11,0,59549000000,77270000000,21419000000,24459000000,45878000000,26321000000,114000000,34913000000,4177000000,0,0,30736000000,0,30736000000,44.22,43.7,349728000,357184000,0,0.564760742295,0.258414401509,0.192378251559,0.224647161578,0.155979798127,35356000000,26321000000,30736000000,0.255176547117,0.224647161578
GOOGL,2017-12-31,1.10855E+11,0,45583000000,65272000000,16625000000,19765000000,36390000000,26146000000,109000000,27193000000,14531000000,0,0,12662000000,0,12662000000,18.27,18,348151000,357642000,0,0.588805195977,0.298236434983,0.235857651888,0.114221280051,0.213071128952,33061000000,26146000000,12662000000,0.245302422083,0.114221280051
GOOGL,2016-12-31,90272000000,0,35138000000,55134000000,13948000000,17470000000,31418000000,23716000000,124000000,24150000000,4672000000,0,0,19478000000,0,19478000000,28.32,27.85,344702000,353575000,0,0.61075416519,0.330778092875,0.262717121588,0.21577011698,0.275146224743,29860000000,23716000000,19478000000,0.267524813896,0.21577011698
GOOGL,2015-12-31,74989000000,0,28164000000,46825000000,12282000000,15183000000,27465000000,19360000000,104000000,19651000000,3303000000,0,0,16348000000,522000000,16348000000,24.63,24.34,343241000,349150000,0.134612630674,0.624424915654,0.325687767539,0.258171198442,0.218005307445,0.211671045087,24423000000,19360000000,16348000000,0.262051767593,0.218005307445
GOOGL,2014-12-31,66001000000,0.188800230552,25691000000,40310000000,9832000000,13982000000,23814000000,16496000000,0,17775000000,3639000000,0,-516000000,14136000000,0,14136000000,20.91,20.57,678365654,675935000,0,0.6107,0.345,0.2693,0.214,0.1828,22754000000,17775000000,14136000000,0.2693,0.2142
GOOGL,2013-12-31,55519000000,0.205912378636,21993000000,33526000000,7137000000,10986000000,18123000000,15403000000,0,15472000000,2739000000,0,427000000,12733000000,0,12733000000,19.13,18.79,668174818,665692000,0,0.6039,0.35,0.2787,0.229,0.1775,19411000000,15472000000,12733000000,0.2787,0.2293
GOOGL,2012-12-31,46039000000,0.21458910434,17176000000,28863000000,6083000000,8946000000,15029000000,13834000000,0,13653000000,2916000000,0,816000000,10737000000,0,10737000000,16.41,16.16,657188384,654426000,0,0.6269,0.361,0.2966,0.233,0.0603,16615000000,13653000000,10737000000,0.2966,0.2332
GOOGL,2011-12-31,37905000000,0.29275945568,13188000000,24717000000,5162000000,7313000000,12975000000,11742000000,0,12326000000,2589000000,0,0,9737000000,0,9737000000,15.085,14.88,647774982,647774982,0,0.6521,0.374,0.3252,0.257,0.2434,14177000000,12326000000,9737000000,0.3252,0.2569
GOOGL,2010-12-31,29321000000,0.239736163376,10417000000,18904000000,3762000000,4761000000,8523000000,10381000000,0,10796000000,2291000000,0,0,8505000000,0,8505000000,13.345,13.155,639550228,639550228,0,0.6447,0.416,0.3682,0.29,0.2045,12192000000,10796000000,8505000000,0.3682,0.2901
GOOGL,2009-12-31,23651000000,0.0851,8844000000,14807000000,2843000000,3652000000,6495000000,8312000000,0,8381000000,1861000000,0,0,6520000000,0,6520000000,10.31,10.205,634540710,634540710,0,0.6261,0.419,0.3544,0.276,0.3596,9905000000,8381000000,6520000000,0.3544,0.2757
HD,2020-02-02,1.10225E+11,0,72653000000,37572000000,0,19740000000,21729000000,15843000000,1201000000,14715000000,3473000000,0,0,11242000000,0,11242000000,10.29,10.25,1093000000,1097000000,5.43117593437,0.340866409617,0.16456339306,0.143733272851,0.101991381266,0.10020412792,18139000000,15843000000,11242000000,0.133499659787,0.101991381266
HD,2019-02-03,1.08203E+11,0,71043000000,37160000000,0,19513000000,21630000000,15530000000,1051000000,14556000000,3435000000,0,0,11121000000,0,11121000000,9.78,9.73,1137000000,1143000000,4.1154855643,0.343428555585,0.163415062429,0.143526519597,0.102779035701,0.0979270445367,17682000000,15530000000,11121000000,0.134524920751,0.102779035701
HD,2018-01-28,1.00904E+11,0,66548000000,34356000000,0,17864000000,19675000000,14681000000,1057000000,13698000000,5068000000,0,0,8630000000,0,8630000000,7.33,7.29,1178000000,1184000000,3.55743243243,0.340482042337,0.165929992865,0.145494727662,0.08552683739,0.100432093871,16743000000,14681000000,8630000000,0.135752794736,0.08552683739
HD,2017-01-29,94595000000,0,62282000000,32313000000,0,17132000000,18886000000,13427000000,972000000,12491000000,4534000000,0,0,7957000000,0,7957000000,6.47,6.45,1229000000,1234000000,2.7585089141,0.341593107458,0.162799302289,0.141941963106,0.0841164966436,0.086283630213,15400000000,13427000000,7957000000,0.132047148369,0.0841164966436
HD,2016-01-31,88519000000,0,58254000000,30265000000,0,16801000000,18491000000,11774000000,919000000,11021000000,4012000000,0,0,7009000000,0,7009000000,5.49,5.46,1277000000,1283000000,2.36243180047,0.341903998012,0.154057321027,0.13301099199,0.0791807408579,0.0889074661937,13637000000,11774000000,7009000000,0.1245043437,0.0791807408579
HD,2015-02-01,83176000000,0,54222000000,28954000000,0,16834000000,18485000000,10469000000,830000000,9976000000,3631000000,0,0,6345000000,0,6345000000,4.74,4.71,1338000000,1346000000,1.87964338782,0.34810522266,0.147338174473,0.125865634318,0.0762840242378,0.081754352217,12255000000,10469000000,6345000000,0.119938443782,0.0762840242378
HD,2014-02-02,78812000000,0,51422000000,27390000000,0,16597000000,18224000000,9166000000,711000000,7770000000,3082000000,0,0,5385000000,0,5385000000,3.78,3.76,1425000000,1434000000,1.56415620642,0.347535908237,0.138595645333,0.116302085977,0.0683271583008,0.0791630716135,10923000000,9166000000,5385000000,0.0985890473532,0.0683271583008
HD,2013-02-03,74754000000,0,48912000000,25842000000,0,16508000000,18076000000,7766000000,632000000,7221000000,2686000000,0,0,4535000000,0,4535000000,3.03,3,1499000000,1511000000,1.15354070152,0.345693875913,0.126414640019,0.103887417396,0.0606656499987,0.0757551435375,9450000000,7766000000,4535000000,0.0965968376274,0.0606656499987
HD,2012-01-29,70395000000,0,46133000000,24262000000,0,16028000000,17601000000,6661000000,606000000,6068000000,2185000000,0,0,3883000000,0,3883000000,2.49,2.47,1562000000,1570000000,1.03949044586,0.344655160168,0.118516940124,0.0946231976703,0.0551601676255,0.0771361602387,8343000000,6661000000,3883000000,0.0861993039278,0.0551601676255
HD,2011-01-30,67997000000,0,44693000000,23304000000,0,15849000000,17465000000,5839000000,530000000,5273000000,1935000000,0,0,3338000000,0,3338000000,2.03,2.01,1648000000,1658000000,0.946320868516,0.342721002397,0.111137256055,0.0858714355045,0.0490904010471,0.0513110872538,7557000000,5839000000,3338000000,0.077547538862,0.0490904010471
HD,2010-01-31,66176000000,0,43764000000,22412000000,0,15902000000,17609000000,4803000000,676000000,3982000000,1362000000,0,0,2661000000,0,2661000000,1.58,1.57,1683000000,1692000000,0.901300236407,0.338672630561,0.0998700435203,0.0725791827853,0.0402109526112,0.0628475580271,6609000000,4803000000,2661000000,0.0601728723404,0.0402109526112
INTC,2019-12-28,71965000000,0,29825000000,42140000000,13362000000,6150000000,20105000000,22035000000,489000000,24058000000,3010000000,0,0,21048000000,0,21048000000,4.77,4.71,4417000000,4473000000,1.24659065504,0.585562426179,0.456624748141,0.306190509275,0.292475508928,0.235281039394,32861000000,22035000000,21048000000,0.334301396512,0.292475508928
INTC,2018-12-29,70848000000,0,27111000000,43737000000,13543000000,6750000000,20421000000,23316000000,468000000,23317000000,2264000000,0,0,21053000000,0,21053000000,4.57,4.48,4611000000,4701000000,1.17868538609,0.617335704607,0.457331187895,0.329098915989,0.29715729449,0.201148938573,32401000000,23316000000,21053000000,0.329113030714,0.29715729449
INTC,2017-12-30,62761000000,0,23692000000,39069000000,13098000000,7474000000,21133000000,17936000000,646000000,20352000000,10751000000,0,0,9601000000,0,9601000000,2.04,1.99,4701000000,4835000000,1.04901758014,0.622504421536,0.415305683466,0.285782571979,0.152977167349,0.164624527971,26065000000,17936000000,9601000000,0.324277815841,0.152977167349
INTC,2016-12-31,59387000000,0,23196000000,36191000000,12740000000,8397000000,23317000000,12874000000,733000000,12936000000,2620000000,0,0,10316000000,0,10316000000,2.18,2.12,4730000000,4875000000,1.01025641026,0.609409466718,0.347954939633,0.216781450486,0.173708050583,0.205145907353,20664000000,12874000000,10316000000,0.217825450014,0.173708050583
INTC,2015-12-26,55355000000,0,20676000000,34679000000,12128000000,7930000000,20677000000,14002000000,337000000,14212000000,2792000000,0,0,11420000000,0,11420000000,2.41,2.33,4742000000,4894000000,0.930935839804,0.626483605817,0.410315238009,0.252949146419,0.206304760184,0.211200433565,22713000000,14002000000,11420000000,0.256742841658,0.206304760184
INTC,2014-12-27,55870000000,0,20261000000,35609000000,11537000000,8136000000,20262000000,15347000000,192000000,15801000000,4097000000,0,0,11704000000,0,11704000000,2.39,2.31,4901000000,5056000000,0.872033227848,0.637354573116,0.427707177376,0.274691247539,0.2094863075,0.184589224987,23896000000,15347000000,11704000000,0.28281725434,0.2094863075
INTC,2013-12-28,52708000000,0,21187000000,31521000000,10611000000,8088000000,19230000000,12291000000,244000000,12611000000,2991000000,0,0,9620000000,0,9620000000,1.94,1.89,4970000000,5097000000,0.878752207181,0.598030659482,0.38557714199,0.233190407528,0.182514988237,0.190957729377,20323000000,12291000000,9620000000,0.239261592168,0.182514988237
INTC,2012-12-29,53341000000,0,20190000000,33151000000,10148000000,8057000000,18513000000,14638000000,90000000,14873000000,3868000000,0,0,11005000000,0,11005000000,2.2,2.13,4996000000,5160000000,0.843023255814,0.621491910538,0.41544028046,0.274423051686,0.206314092349,0.147297575973,22160000000,14638000000,11005000000,0.278828668379,0.206314092349
INTC,2011-12-31,53999000000,0,20242000000,33757000000,8350000000,7670000000,16280000000,17477000000,41000000,17781000000,4839000000,0,0,12942000000,0,12942000000,2.46,2.39,5256000000,5411000000,0.762705599704,0.625141206319,0.435952517639,0.323654141743,0.23967110502,0.188873868035,23541000000,17477000000,12942000000,0.329283875627,0.23967110502
INTC,2010-12-25,0,0,0,0,0,0,0,0,0,0,0,0,0,0,0,0,0,0,0,0,0,0,0,0,0,0,0,0,0,0,0
INTC,2009-12-26,35127000000,-0.0654,15566000000,19561000000,5653000000,7931000000,13850000000,5711000000,-163000000,5704000000,1335000000,0,0,4369000000,0,4369000000,0.79,0.77,5522000000,5557000000,0.56,0.5569,0.302,0.1577,0.124,0.1895,10593000000,5541000000,4369000000,0.1624,0.1244
JNJ,2019-12-29,82059000000,0,27556000000,54503000000,11355000000,22178000000,33533000000,15119000000,318000000,14450000000,2209000000,0,0,15119000000,0,15119000000,5.72,5.63,2645100000,2684300000,3.69444547927,0.664192836861,0.269659635141,0.184245481909,0.184245481909,0.242727793417,22128000000,15119000000,15119000000,0.17609281127,0.184245481909
JNJ,2018-12-31,81581000000,0,27091000000,54490000000,10775000000,22540000000,33315000000,17999000000,1005000000,17999000000,2702000000,0,0,15297000000,0,15297000000,5.7,5.61,2681500000,2728700000,3.47931249313,0.667925129626,0.30556134394,0.220627351957,0.187506894988,0.2271484782,24928000000,17999000000,15297000000,0.220627351957,0.187506894988
JNJ,2018-12-30,81581000000,0.0671157619359,27091000000,54490000000,10775000000,22540000000,32831000000,19798000000,934000000,17999000000,2702000000,0,0,1300000000,0,15297000000,5.7,5.61,2681977969,2692000000,3.32,0.6679,0.317,0.2434,0.017,0.2325,24249000000,18607000000,1300000000,0.2206,0.017
JNJ,2017-12-31,76450000000,0,25354000000,51096000000,10554000000,21420000000,31974000000,17673000000,934000000,17673000000,16373000000,0,0,1300000000,0,1300000000,0.48,0.47,2692000000,2745300000,3.25756747896,0.668358404186,0.304970568999,0.231170699804,0.0170045781557,0.232531066056,23315000000,17673000000,1300000000,0.231170699804,0.0170045781557
JNJ,2017-01-01,71890000000,0,21685000000,50205000000,9095000000,19945000000,29040000000,19803000000,726000000,19803000000,3263000000,0,0,16540000000,0,16540000000,6.04,5.93,2737300000,2788900000,3.09118290365,0.698358603422,0.32768117958,0.275462512171,0.230073723745,0.216177493393,23557000000,19803000000,16540000000,0.275462512171,0.230073723745
JNJ,2016-01-03,70074000000,0,21536000000,48538000000,9046000000,21203000000,30249000000,19196000000,552000000,19196000000,3787000000,0,0,15409000000,0,15409000000,5.56,5.48,2771800000,2812900000,2.90554232287,0.692667751234,0.327396752005,0.273938978794,0.219896109827,0.225704255501,22942000000,19196000000,15409000000,0.273938978794,0.219896109827
JNJ,2014-12-28,74331000000,0,22746000000,51585000000,8494000000,21954000000,30448000000,20563000000,533000000,20563000000,4240000000,0,0,16323000000,0,16323000000,5.8,5.7,2815200000,2863900000,2.71238520898,0.693990394317,0.329041718798,0.276640970793,0.219598821488,0.198530895589,24458000000,20563000000,16323000000,0.276640970793,0.219598821488
JNJ,2013-12-29,71312000000,0,22342000000,48970000000,8183000000,21830000000,30013000000,13831000000,482000000,16781000000,1640000000,0,0,13831000000,0,13831000000,4.92,4.81,2809200000,2877000000,2.53249913104,0.686700695535,0.251500448732,0.19395052726,0.19395052726,0.193782252636,17935000000,13831000000,13831000000,0.23531803904,0.19395052726
JNJ,2012-12-30,67224000000,0,21658000000,45566000000,7665000000,20869000000,28534000000,13775000000,532000000,13775000000,3261000000,0,0,10853000000,0,10853000000,3.94,3.86,2753300000,2812600000,2.35156083339,0.677823396406,0.259446031179,0.204911936213,0.161445317149,0.18538022135,17441000000,13775000000,10853000000,0.204911936213,0.161445317149
JNJ,2012-01-01,65030000000,0,20360000000,44670000000,7548000000,20969000000,28517000000,12361000000,571000000,12361000000,2689000000,0,0,9672000000,0,9672000000,3.54,3.49,2736000000,2775300000,2.21813857961,0.686913732124,0.238643702906,0.190081500846,0.148731354759,0.175380593572,15519000000,12361000000,9672000000,0.190081500846,0.148731354759
JNJ,2011-01-02,0,0,0,0,0,0,0,0,0,0,0,0,0,0,0,0,0,0,0,0,0,0,0,0,0,0,0,0,0,0,0
JNJ,2010-01-03,0,0,0,0,0,0,0,0,0,0,0,0,0,0,0,0,0,0,0,0,0,0,0,0,0,0,0,0,0,0,0
JPM,2019-12-31,1.15627E+11,0,0,1.15627E+11,9821000000,34155000000,43976000000,44545000000,26795000000,44545000000,8114000000,0,0,36431000000,1587000000,36431000000,10.75,10.72,3221500000,3230400000,3.82088905399,1,0.457618030391,0.385247390315,0.315073468999,0.0522888252744,52913000000,44545000000,36431000000,0.385247390315,0.315073468999
JPM,2018-12-31,1.09029E+11,0,0,1.09029E+11,8802000000,33117000000,41919000000,40764000000,22383000000,40764000000,8290000000,0,0,32474000000,1551000000,32474000000,9.04,9,3396400000,3414000000,2.96104276508,1,0.445340230581,0.373882178136,0.297847361711,0.130121343863,48555000000,40764000000,32474000000,0.373882178136,0.297847361711
JPM,2017-12-31,99624000000,0,0,99624000000,7706000000,31009000000,38715000000,35900000000,14275000000,35900000000,11459000000,0,0,24441000000,1663000000,24441000000,6.35,6.31,3551600000,3576800000,2.51425855513,1,0.422378141813,0.360354934554,0.245332450012,-0.0251043925159,42079000000,35900000000,24441000000,0.360354934554,0.245332450012
JPM,2016-12-31,95668000000,0,0,95668000000,6846000000,29979000000,36825000000,34536000000,9818000000,34536000000,9803000000,0,0,24733000000,1647000000,24733000000,6.24,6.19,3618500000,3649800000,2.32231903118,1,0.418258978969,0.360998452983,0.258529497847,0.211105071706,40014000000,34536000000,24733000000,0.360998452983,0.258529497847
JPM,2015-12-31,93543000000,0,0,93543000000,6193000000,29750000000,35943000000,30702000000,7463000000,30702000000,6260000000,0,0,24442000000,1515000000,24442000000,6.05,6,3700400000,3732800000,2.10914059151,1,0.381022631303,0.328212693628,0.261291598516,0.785371433458,35642000000,30702000000,24442000000,0.328212693628,0.261291598516
JPM,2014-12-31,94205000000,0,0,94205000000,5804000000,30160000000,35964000000,29792000000,7897000000,29792000000,8030000000,0,0,21762000000,1125000000,21762000000,5.34,5.29,3763500000,3797500000,1.84068466096,1,0.366763972188,0.316246483732,0.23100684677,0.388440104028,34551000000,29792000000,21762000000,0.316246483732,0.23100684677
JPM,2013-12-31,96606000000,0,0,96606000000,5425000000,30810000000,36872000000,17923000000,9677000000,25914000000,7991000000,0,0,17923000000,805000000,17923000000,4.39,4.35,3782400000,3814900000,1.5874596975,1,0.240450903671,0.185526778875,0.185526778875,1.11745647268,23229000000,17923000000,17923000000,0.268244208434,0.185526778875
JPM,2012-12-31,97031000000,0,0,97031000000,5224000000,30585000000,36766000000,21284000000,11153000000,4395000000,7633000000,0,0,21284000000,653000000,21284000000,5.22,5.2,3809400000,3822200000,1.35890324944,1,0.272397481217,0.219352578042,0.219352578042,0.258463789923,26431000000,21284000000,21284000000,0.0452948026919,0.219352578042
JPM,2011-12-31,97234000000,0,0,97234000000,0,29037000000,29885000000,18976000000,13604000000,26749000000,7773000000,0,0,18976000000,629000000,18976000000,4.5,4.48,3900400000,3920300000,0.993546412264,1,0.24766028344,0.195158072279,0.195158072279,0.986609622149,24081000000,18976000000,18976000000,0.27509924512,0.195158072279
JPM,2010-12-31,0,0,0,0,0,0,0,24859000000,0,24859000000,0,0,0,24859000000,0,24859000000,0,0,0,0,0,0,0,0,0,0,24859000000,24859000000,24859000000,0,0
JPM,2009-12-31,100434000000,0.4934,0,100434000000,0,43227000000,52352000000,48082000000,0,13189000000,4415000000,2954000000,0,8774000000,0,8774000000,2.27,2.26,3940654134,3862800000,0.53,1,0.175,0.1313,0.087,1.2227,17547000000,13189000000,11728000000,0.1313,0.0874
KO,2019-12-31,37266000000,0,14619000000,22647000000,0,12103000000,12103000000,10086000000,946000000,10786000000,1801000000,0,0,8920000000,0,8920000000,2.09,2.07,4276000000,4314000000,1.58669448308,0.607712123652,0.307277411045,0.270648848817,0.239360274781,0.225862716685,11451000000,10086000000,8920000000,0.289432726882,0.239360274781
KO,2018-12-31,31856000000,0,11770000000,20086000000,0,10307000000,10307000000,8700000000,919000000,8350000000,1623000000,0,0,6434000000,0,6434000000,1.51,1.5,4259000000,4299000000,1.54547569202,0.630524861878,0.307194876946,0.273103967855,0.20197137117,0.1875,9786000000,8700000000,6434000000,0.26211702662,0.20197137117
KO,2017-12-31,35410000000,0,13256000000,22154000000,0,12496000000,12496000000,7501000000,841000000,6742000000,5560000000,0,0,1248000000,0,1248000000,0.29,0.29,4272000000,4324000000,1.46160962072,0.625642473877,0.247415984185,0.211832815589,0.0352442812765,0.150240045185,8761000000,7501000000,1248000000,0.190398192601,0.0352442812765
KO,2016-12-31,41863000000,0,16465000000,25398000000,0,15262000000,15262000000,8626000000,733000000,8136000000,1586000000,0,0,6527000000,0,6527000000,1.51,1.49,4317000000,4367000000,1.38378749714,0.606693261353,0.248739937415,0.206053077897,0.155913336359,0.156080548456,10413000000,8626000000,6527000000,0.194348231135,0.155913336359
KO,2015-12-31,44294000000,0,17482000000,26812000000,0,16427000000,16427000000,8728000000,856000000,9605000000,2239000000,0,0,7351000000,0,7351000000,1.69,1.67,4352000000,4405000000,1.30329171396,0.605319004831,0.241522553845,0.197047004109,0.165959272136,0.180046958956,10698000000,8728000000,7351000000,0.216846525489,0.165959272136
KO,2014-12-31,45998000000,0,17889000000,28109000000,0,17218000000,17218000000,9708000000,483000000,9325000000,2201000000,0,0,7098000000,0,7098000000,1.62,1.6,4387000000,4450000000,1.20224719101,0.611091786599,0.254011043958,0.211052654463,0.154311057002,0.178464281056,11684000000,9708000000,7098000000,0.202726205487,0.154311057002
KO,2013-12-31,46854000000,0,18421000000,28433000000,0,17310000000,17310000000,10228000000,463000000,11477000000,2851000000,0,0,8584000000,0,8584000000,1.94,1.9,4434000000,4509000000,1.10201818585,0.606842532121,0.260490032868,0.218295129551,0.183207410253,0.170572416443,12205000000,10228000000,8584000000,0.244952405344,0.183207410253
KO,2012-12-31,48017000000,0,19053000000,28964000000,0,17738000000,17738000000,10779000000,397000000,11809000000,2723000000,0,0,9019000000,0,9019000000,2,1.97,4504000000,4584000000,1.00239965096,0.603203032259,0.265760043318,0.224482995606,0.187829310453,0.163796155528,12761000000,10779000000,9019000000,0.245933731803,0.187829310453
KO,2011-12-31,46542000000,0,18216000000,28326000000,0,17440000000,17440000000,10154000000,417000000,11439000000,2805000000,0,0,8572000000,0,8572000000,3.75,3.69,2284000000,2323000000,1.85105467068,0.60861157664,0.260152120665,0.218168535946,0.184177731941,0.140819045164,12108000000,10154000000,8572000000,0.245778006961,0.184177731941
KO,2010-12-31,35119000000,0,12693000000,22426000000,0,13158000000,13158000000,8449000000,733000000,14243000000,2384000000,0,0,11809000000,0,11809000000,5.12,5.06,2308000000,2333000000,1.74367766824,0.638571713318,0.281670890401,0.240582021128,0.336256727128,0.208348757083,9892000000,8449000000,11809000000,0.405563939748,0.336256727128
KO,2009-12-31,30990000000,-0.0299,11088000000,19902000000,0,11358000000,11671000000,8231000000,355000000,8864000000,2040000000,82000000,0,6824000000,0,6824000000,1.475,1.465,4634362944,4628000000,0.82,0.6422,0.337,0.2975,0.22,0.2032,10455000000,9219000000,6906000000,0.286,0.2202
LLY,2018-12-31,24555700000,0,6430000000,18125700000,5307100000,6631800000,11938900000,3795700000,272100000,3795700000,563700000,0,0,3232000000,0,3232000000,3.14,3.13,1027721000,1033667000,2.23650363221,0.738146336696,0.220099610274,0.154575108834,0.131619135272,0.224978314607,5404700000,3795700000,3232000000,0.154575108834,0.131619135272
LLY,2017-12-31,22871300000,0,6070200000,16801100000,5281800000,6588100000,11869900000,2197400000,225000000,2197400000,2401500000,0,0,-204100000,0,-204100000,-0.19,-0.19,1052023000,1052023000,2.08369969098,0.734593136376,0.1646036736,0.0960767424676,-0.00892384779177,0.245530424593,3764700000,2197400000,-204100000,0.0960767424676,-0.00892384779177
LLY,2016-12-31,21222100000,0,5654900000,15567200000,5243900000,6452000000,11695900000,3374000000,185200000,3374000000,636400000,0,0,2737600000,0,2737600000,2.59,2.58,1058324000,1061825000,2.03282085089,0.733537208853,0.229506033804,0.158985208815,0.128997601557,0.228582468276,4870600000,3374000000,2737600000,0.158985208815,0.128997601557
LLY,2015-12-31,19958700000,0,5037200000,14921500000,4796400000,6533000000,11329400000,2790000000,161200000,2790000000,381600000,0,0,2408400000,0,2408400000,2.27,2.26,1061913000,1065720000,1.99611530233,0.74761883289,0.211321378647,0.13978866359,0.120669181861,0.138926884015,4217700000,2790000000,2408400000,0.13978866359,0.120669181861
LLY,2014-12-31,19615600000,0,4932500000,14683100000,4733600000,6620800000,11354400000,3000300000,148800000,3000300000,609800000,0,0,2390500000,0,2390500000,2.23,2.23,1069932000,1074286000,1.95590373513,0.748541976794,0.223255979934,0.152954791085,0.1218672893,0.222634025979,4379300000,3000300000,2390500000,0.152954791085,0.1218672893
LLY,2013-12-31,23113100000,0,4908100000,18205000000,5531300000,7125600000,12656900000,4684800000,160100000,5889300000,1204500000,0,0,4684800000,0,4684800000,4.33,4.32,1080874000,1084766000,1.95498383983,0.787648562936,0.265234866807,0.202690249253,0.202690249253,0.248127685166,6130400000,4684800000,4684800000,0,0.202690249253
LLY,2012-12-31,22603400000,0,4796500000,17806900000,5278100000,7513500000,12791600000,5408200000,177800000,5408200000,1319600000,0,0,4088600000,0,4088600000,3.67,3.66,1113178000,1113178000,1.96500469826,0.787797411009,0.303954272366,0.239264889353,0.180884291744,0.234690356318,6870400000,5408200000,4088600000,0.239264889353,0.180884291744
LLY,2011-12-31,24286500000,0,5067900000,19218600000,5020800000,7879900000,12900700000,5349500000,186000000,5349500000,1001800000,0,0,4347700000,0,4347700000,3.9,3.9,1113923000,1113967000,1.95705976928,0.791328515842,0.276824573323,0.220266403146,0.179017149445,0.297881539127,6723100000,5349500000,4347700000,0.220266403146,0.179017149445
LLY,2010-12-31,23076000000,0,4366200000,18709800000,4884200000,7053400000,11937600000,6525200000,-185500000,6525200000,1455700000,0,0,5069500000,0,5069500000,4.58,4.58,1105788000,1105813000,1.95991546491,0.810790431617,0.340327613105,0.282769977466,0.219687120818,0,7853400000,6525200000,5069500000,0.282769977466,0.219687120818
LLY,2009-12-31,21836000000,0.0719,4247000000,17589000000,4326500000,6892500000,12231200000,5357800000,0,5357800000,1029000000,0,0,4328800000,0,4328800000,3.94,3.94,1149022405,1149022405,1.96,0.8055,0.305,0.2454,0.198,0.1643,6655600000,5357800000,4328800000,0.2454,0.1982
MA,2019-12-31,16883000000,0,0,16883000000,0,5763000000,7219000000,9664000000,224000000,9731000000,1613000000,0,0,8118000000,0,8118000000,7.98,7.94,1017000000,1022000000,1.31604696673,1,0.670911567849,0.572410116685,0.480838713499,0.459693182491,11327000000,9664000000,8118000000,0.576378605698,0.480838713499
MA,2018-12-31,14950000000,0,0,14950000000,0,5174000000,7668000000,7282000000,186000000,7204000000,1345000000,0,0,5859000000,0,5859000000,5.63,5.6,1041000000,1047000000,0.997134670487,1,0.600401337793,0.487090301003,0.391906354515,0.394180602007,8976000000,7282000000,5859000000,0.481872909699,0.391906354515
MA,2017-12-31,12497000000,0,0,12497000000,0,4526000000,5875000000,6622000000,154000000,6522000000,2607000000,0,0,3915000000,0,3915000000,3.67,3.65,1067000000,1072000000,0.878731343284,1,0.644954789149,0.529887172922,0.313275186045,0.420500920221,8060000000,6622000000,3915000000,0.521885252461,0.313275186045
MA,2016-12-31,10776000000,0,0,10776000000,0,3714000000,5015000000,5761000000,95000000,5646000000,1587000000,0,0,4059000000,0,4059000000,3.7,3.69,1098000000,1101000000,0.760217983651,1,0.649034892353,0.534613956941,0.376670378619,0.396158129176,6994000000,5761000000,4059000000,0.523942093541,0.376670378619
MA,2015-12-31,9667000000,0,0,9667000000,0,3341000000,4589000000,5078000000,61000000,4958000000,1150000000,0,0,3808000000,0,3808000000,3.36,3.35,1134000000,1137000000,0.639401934916,1,0.64218475225,0.525292231302,0.393917451122,0.399917244233,6208000000,5078000000,3808000000,0.512878866246,0.393917451122
MA,2014-12-31,9473000000,0,0,9473000000,0,3184000000,4046000000,5106000000,48000000,5079000000,1462000000,0,0,3617000000,0,3617000000,3.11,3.1,1165000000,1169000000,0.440547476476,1,0.645835532566,0.539005594849,0.381822020479,0.341180196348,6118000000,5106000000,3617000000,0.536155389,0.381822020479
MA,2013-12-31,8346000000,0,0,8346000000,0,2649000000,3585000000,4503000000,14000000,3233000000,1384000000,0,0,3116000000,0,3116000000,2.57,2.56,1211000000,1215000000,0.20987654321,1,0.570452911574,0.539539899353,0.373352504194,0.476875149772,4761000000,4503000000,3116000000,0.387371195782,0.373352504194
MA,2012-12-31,7391000000,0,0,7391000000,0,2429000000,3224000000,3937000000,20000000,3932000000,1174000000,0,0,2759000000,0,2759000000,22.02,21.94,125000000,126000000,1.04761904762,1,0.563793803274,0.532674874848,0.373291841429,0.385874712488,4167000000,3937000000,2759000000,0.531998376404,0.373291841429
MA,2011-12-31,6714000000,0,0,6714000000,0,2196000000,3807000000,2713000000,25000000,2746000000,842000000,0,0,1906000000,0,1906000000,14.9,14.85,128000000,128000000,0.6015625,1,0.432975871314,0.404081024724,0.283884420614,0.388293118856,2907000000,2713000000,1906000000,0.408996127495,0.283884420614
MA,2010-12-31,5539000000,0,0,5539000000,0,1852000000,2634000000,2752000000,52000000,2757000000,910000000,0,0,1846000000,0,1846000000,14.1,14.05,131000000,131000000,0.603053435115,1,0.523560209424,0.496840584943,0.333273153999,0.295360173316,2900000000,2752000000,1846000000,0.497743274959,0.333273153999
MA,2009-12-31,5099000000,0.0214,0,5099000000,0,2698000000,2839000000,2260000000,115000000,2218000000,755000000,0,0,1463000000,0,1463000000,1.119,1.116,1297514440,1300000000,0.06,1,0.485,0.4575,0.287,0.2428,2474000000,2333000000,1463000000,0.435,0.2869
MCD,2019-12-31,21076500000,0,0,21076500000,0,2229400000,6689800000,9069800000,1121900000,8018100000,1992700000,0,0,6025400000,0,6025400000,7.95,7.88,758100000,764900000,4.68283435743,1,0.507090835765,0.430327616065,0.285882380851,0.359699191042,10687700000,9069800000,6025400000,0.380428439257,0.285882380851
MCD,2018-12-31,21025200000,0,0,21025200000,0,2200200000,4611200000,8822600000,981200000,7816100000,1891800000,0,0,5924300000,0,5924300000,7.61,7.54,778200000,785600000,4.14447556008,1,0.490107109564,0.419620265206,0.281771398132,0.326512946369,10304600000,8822600000,5924300000,0.371749139128,0.281771398132
MCD,2017-12-31,22820400000,0,0,22820400000,0,2231300000,6242100000,9552700000,921300000,8573500000,3381200000,0,0,5192300000,0,5192300000,6.43,6.37,807400000,815500000,3.78810545677,1,0.478348319924,0.418603530175,0.227528877671,0.23988186009,10916100000,9552700000,5192300000,0.375694553996,0.227528877671
MCD,2016-12-31,24621900000,0,0,24621900000,0,2384500000,5976500000,7744500000,884800000,6866000000,2179500000,0,0,4686500000,0,4686500000,5.49,5.44,854400000,861200000,3.55109150023,1,0.37612856847,0.314537058472,0.19033868223,0.241658848424,9261000000,7744500000,4686500000,0.278857439921,0.19033868223
MCD,2015-12-31,25413000000,0,0,25413000000,0,2434300000,6249600000,7145500000,638300000,6555700000,2026400000,0,0,4529300000,0,4529300000,4.82,4.8,939400000,944600000,3.41975439339,1,0.342391689293,0.281174989179,0.178227678747,0.25178058474,8701200000,7145500000,4529300000,0.257966395152,0.178227678747
MCD,2014-12-31,27441300000,0,0,27441300000,0,2487900000,6871900000,7949200000,570500000,7372000000,2614200000,0,0,4757800000,0,4757800000,4.85,4.82,980500000,986300000,3.26077258441,1,0.349608072504,0.289680153637,0.173380998714,0.239048441583,9593700000,7949200000,4757800000,0.268646164723,0.173380998714
MCD,2013-12-31,28105700000,0,0,28105700000,0,2385600000,7026000000,8764300000,521900000,8204500000,2618600000,0,0,5585900000,0,5585900000,5.59,5.55,998400000,1006000000,3.09602385686,1,0.368231355206,0.311833542662,0.198746161811,0.246914326987,10349400000,8764300000,5585900000,0.291915874716,0.198746161811
MCD,2012-12-31,27567000000,0,0,27567000000,0,2455200000,6901900000,8604600000,516600000,8079000000,2614200000,0,0,5464800000,0,5464800000,5.41,5.36,1010100000,1020200000,2.83924720643,1,0.366129792868,0.312134073349,0.198237022527,0.246947437153,10093100000,8604600000,5464800000,0.293067798455,0.198237022527
MCD,2011-12-31,27006000000,0,0,27006000000,0,2393700000,6691000000,8529700000,492800000,8012200000,2509100000,0,0,5503100000,0,5503100000,5.33,5.27,1032100000,1044900000,2.49755957508,1,0.368240391024,0.31584462712,0.203773235577,0.257857513145,9944700000,8529700000,5503100000,0.296682218766,0.203773235577
MCD,2010-12-31,24074600000,0,0,24074600000,0,2333300000,5773100000,7473100000,450900000,7000300000,2054000000,0,0,4946300000,0,4946300000,4.64,4.58,1066000000,1080300000,2.22910302694,1,0.36342452211,0.310414295565,0.205457203858,0.255796565675,8749300000,7473100000,4946300000,0.290775339985,0.205457203858
MCD,2009-12-31,22744700000,-0.0331,13952900000,8791800000,0,2234200000,1950800000,6841000000,473200000,6487000000,1936000000,0,0,4551000000,0,4551000000,4.17,4.11,1079186614,1092200000,2.05,0.3865,0.359,0.306,0.2,0.167,8176400000,6960200000,4551000000,0.2852,0.2001
MDT,2019-04-26,30557000000,0,9155000000,21402000000,2330000000,10418000000,14512000000,6268000000,1444000000,5197000000,547000000,0,0,4631000000,0,4631000000,3.44,3.41,1346400000,1357500000,1.98379373849,0.700395981281,0.292142553261,0.205124848644,0.151552835684,0.192198186995,8927000000,6268000000,4631000000,0.170075596426,0.151552835684
MDT,2018-04-27,29953000000,0,9055000000,20898000000,2253000000,9974000000,14027000000,6651000000,1146000000,5675000000,2580000000,0,0,3104000000,0,3104000000,2.29,2.27,1356700000,1368200000,1.82283291916,0.697693052449,0.309885487263,0.222047875004,0.103629018796,0.120722465195,9282000000,6651000000,3104000000,0.189463492805,0.103629018796
MDT,2017-04-28,29710000000,0,9291000000,20419000000,2193000000,9711000000,13884000000,5330000000,1094000000,4602000000,578000000,0,0,4028000000,0,4028000000,2.92,2.89,1378900000,1391400000,1.70763260026,0.687277011107,0.277953550993,0.179400875126,0.135577246718,0.189363850555,8258000000,5330000000,4028000000,0.154897340963,0.135577246718
MDT,2016-04-29,28833000000,0,9142000000,19691000000,2224000000,9469000000,13624000000,5291000000,1386000000,4336000000,798000000,0,0,3538000000,0,3538000000,2.51,2.48,1409600000,1425900000,1.50010519672,0.682932750668,0.28231540249,0.183505011619,0.122706620886,0.144695314397,8140000000,5291000000,3538000000,0.150383241425,0.122706620886
MDT,2015-04-24,20261000000,0,6309000000,13952000000,1640000000,6904000000,9277000000,3766000000,666000000,3486000000,811000000,0,0,2675000000,0,2675000000,2.44,2.41,1095500000,1109000000,1.20559062218,0.688613592616,0.254084201175,0.185874339865,0.132027047036,0.213760426435,5148000000,3766000000,2675000000,0.172054686343,0.132027047036
MDT,2014-04-25,17005000000,0.0250150693189,4333000000,12672000000,1477000000,5847000000,8859000000,3813000000,108000000,3705000000,640000000,0,0,3065000000,0,3065000000,3.06,3.02,1000814792,1002100000,1.12,0.7452,0.274,0.2242,0.18,0.2683,4663000000,3813000000,3065000000,0.2179,0.1802
MDT,2013-04-26,16590000000,0.0250865051903,4126000000,12464000000,1557000000,5698000000,8062000000,4402000000,151000000,4251000000,784000000,0,0,3467000000,0,3467000000,3.4,3.37,1013805980,1019300000,1.04,0.7513,0.315,0.2653,0.209,0.2703,5221000000,4402000000,3467000000,0.2562,0.209
MDT,2012-04-27,16184000000,0.0435904049523,3889000000,12295000000,1490000000,5623000000,8001000000,4294000000,149000000,4347000000,730000000,0,-202000000,3617000000,0,3617000000,3.43,3.41,1040590542,1053900000,0.97,0.7597,0.329,0.2778,0.223,0.2463,5329000000,4496000000,3617000000,0.2686,0.2235
MDT,2011-04-29,15508000000,0.00753638253638,3700000000,11808000000,1472000000,5427000000,7866000000,3942000000,278000000,3705000000,609000000,0,-41000000,3096000000,0,3096000000,2.87,2.86,1069376816,1077400000,0.9,0.7614,0.309,0.2568,0.2,0.2089,4787000000,3983000000,3096000000,0.2389,0.1996
MDT,2010-04-30,15392000000,0.0543,3582000000,11810000000,1424000000,5282000000,7620000000,4190000000,246000000,3960000000,861000000,0,-16000000,3099000000,0,3099000000,2.8,2.79,1101531952,1106300000,0.82,0.7673,0.323,0.2733,0.201,0.2271,4978000000,4206000000,3099000000,0.2573,0.2013
MRK,2019-12-31,46840000000,0,14112000000,32728000000,9872000000,10615000000,20487000000,11464000000,893000000,11464000000,1687000000,0,0,9843000000,0,9843000000,3.84,3.81,2565000000,2580000000,2.20736434109,0.698719043553,0.322715627669,0.244748078565,0.210140905209,0.212788215201,15116000000,11464000000,9843000000,0.244748078565,0.210140905209
MRK,2018-12-31,42294000000,0,13509000000,28785000000,9752000000,10102000000,19854000000,8701000000,772000000,8701000000,2508000000,0,0,6220000000,0,6220000000,2.34,2.32,2664000000,2679000000,1.93057110862,0.680592991914,0.312573887549,0.205726580602,0.147065777652,0.196410838417,13220000000,8701000000,6220000000,0.205726580602,0.147065777652
MRK,2017-12-31,40122000000,0,12775000000,27347000000,10208000000,9830000000,20038000000,6521000000,754000000,6521000000,4103000000,0,0,2394000000,0,2394000000,0.88,0.87,2730000000,2748000000,1.88027656477,0.681596131798,0.278101789542,0.162529285679,0.0596680125617,0.113628433279,11158000000,6521000000,2394000000,0.162529285679,0.0596680125617
MRK,2016-12-31,39807000000,0,13891000000,25916000000,10124000000,9762000000,19886000000,4659000000,693000000,4659000000,718000000,0,0,3920000000,0,3920000000,1.42,1.41,2766000000,2787000000,1.83853606028,0.651041274148,0.253724219358,0.117039716633,0.0984751425629,0.220112040596,10100000000,4659000000,3920000000,0.117039716633,0.0984751425629
MRK,2015-12-31,39498000000,0,14934000000,24564000000,6704000000,10313000000,17017000000,5401000000,672000000,5401000000,942000000,0,0,4442000000,0,4442000000,1.58,1.56,2816000000,2841000000,1.80112636396,0.621904906578,0.29814167806,0.136741100815,0.11246139045,0.281988961466,11776000000,5401000000,4442000000,0.136741100815,0.11246139045
MRK,2014-12-31,42237000000,0,16768000000,25469000000,7180000000,11606000000,18786000000,17283000000,732000000,17283000000,5349000000,0,0,11920000000,0,11920000000,4.12,4.07,2894000000,2928000000,1.76571038251,0.603002107157,0.567606600848,0.409190993679,0.282217013519,0.154911570424,23974000000,17283000000,11920000000,0.409190993679,0.282217013519
MRK,2013-12-31,44033000000,0,16954000000,27079000000,7503000000,11911000000,19414000000,5545000000,801000000,5545000000,1028000000,0,0,4404000000,0,4404000000,1.49,1.47,2963000000,2996000000,1.72129506008,0.614970590239,0.284627438512,0.125928281062,0.100015897168,0.229509685917,12533000000,5545000000,4404000000,0.125928281062,0.100015897168
MRK,2012-12-31,47267000000,0,16446000000,30821000000,8168000000,12776000000,20944000000,8739000000,714000000,8739000000,2440000000,0,0,6168000000,0,6168000000,2.03,2,3041,3076,1663198.95969,0.65206169209,0.332515285506,0.184885861172,0.130492732773,0.170689910508,15717000000,8739000000,6168000000,0.184885861172,0.130492732773
MRK,2011-12-31,0,0,0,0,0,0,0,0,0,0,0,0,0,0,0,0,0,0,0,0,0,0,0,0,0,0,0,0,0,0,0
MRK,2010-12-31,0,0,0,0,0,0,0,0,0,0,0,0,0,0,0,0,0,0,0,0,0,0,0,0,0,0,0,0,0,0,0
MRK,2009-12-31,27428000000,0.15,9019000000,18409000000,5845000000,8543000000,16022000000,2387000000,0,15167000000,2268000000,123000000,0,12899000000,0,12899000000,5.67,5.65,2109178112,2109178112,1.52,0.6712,0.647,0.553,0.47,0.0704,17743000000,15167000000,13022000000,0.553,0.4703
MSFT,2019-06-30,1.25843E+11,0,42910000000,82933000000,16876000000,23098000000,39974000000,42959000000,2686000000,15799000000,4448000000,0,0,39240000000,0,39240000000,5.11,5.06,7673000000,7753000000,1.78137495163,0.659019572006,0.43419975684,0.341369802055,0.311817105441,0.285053598532,54641000000,42959000000,39240000000,0.125545322346,0.311817105441
MSFT,2018-06-30,1.1036E+11,0,38353000000,72007000000,14726000000,22223000000,36949000000,35058000000,2733000000,11527000000,19903000000,0,0,16571000000,0,16571000000,2.15,2.13,7700000000,7794000000,1.62933025404,0.652473722363,0.410646973541,0.317669445451,0.150154041319,0.284197172889,45319000000,35058000000,16571000000,0.104449075752,0.150154041319
MSFT,2017-06-30,89950000000,0,34261000000,55689000000,13037000000,20020000000,33057000000,22326000000,2222000000,453000000,1945000000,0,0,21204000000,0,21204000000,2.74,2.71,7746000000,7832000000,1.51238508682,0.619110617009,0.345792106726,0.248204558088,0.235730961645,0.0604113396331,31104000000,22326000000,21204000000,0.00503613118399,0.235730961645
MSFT,2016-06-30,85320000000,0,32780000000,52540000000,11988000000,19260000000,31248000000,20182000000,1243000000,-325000000,2953000000,0,0,16798000000,0,16798000000,2.12,2.1,7925000000,8013000000,1.3735180332,0.615799343647,0.31415846226,0.236544772621,0.196882325363,0.276476793249,26804000000,20182000000,16798000000,-0.00380918893577,0.196882325363
MSFT,2015-06-30,93580000000,0,33038000000,60542000000,12046000000,20324000000,42381000000,18161000000,781000000,7363000000,6314000000,0,0,12193000000,0,12193000000,1.49,1.48,8177000000,8254000000,1.19723770293,0.646954477452,0.257726009831,0.194069245565,0.130294934815,0.207448172686,24118000000,18161000000,12193000000,0.0786813421671,0.130294934815
MSFT,2014-06-30,86833000000,0,26934000000,59899000000,11381000000,20632000000,32140000000,27759000000,597000000,7127000000,5746000000,0,0,22074000000,0,22074000000,2.66,2.63,8299000000,8399000000,1.05714966067,0.689818387019,0.379705872191,0.319682609146,0.2542121083,0.23964391418,32971000000,27759000000,22074000000,0.0820770905071,0.2542121083
MSFT,2013-06-30,77849000000,0,20249000000,57600000000,10411000000,20425000000,30836000000,26764000000,429000000,6674000000,5189000000,0,0,21863000000,0,21863000000,2.61,2.58,8375000000,8470000000,0.880165289256,0.73989389716,0.392028157073,0.343793754576,0.280838546417,0.295340980616,30519000000,26764000000,21863000000,0.0857300671813,0.280838546417
MSFT,2012-06-30,73723000000,0,17530000000,56193000000,9811000000,18426000000,28237000000,21763000000,380000000,1600000000,5289000000,0,0,16978000000,0,16978000000,2.02,2,8396000000,8506000000,0.750646602398,0.762218032364,0.335444840823,0.295199598497,0.230294480691,0.260556407091,24730000000,21763000000,16978000000,0.0217028607083,0.230294480691
MSFT,2011-06-30,69943000000,0,15577000000,54366000000,9043000000,18162000000,27205000000,27161000000,295000000,28071000000,4921000000,0,0,23150000000,0,23150000000,2.73,2.69,8490000000,8593000000,0.602816245781,0.777290079064,0.427876985545,0.388330497691,0.330983801095,0.352272564803,29927000000,27161000000,23150000000,0.401341092032,0.330983801095
MSFT,2010-06-30,62484000000,0,12395000000,50089000000,8714000000,17218000000,25932000000,24098000000,151000000,25013000000,6253000000,0,0,18760000000,0,18760000000,2.13,2.1,8813000000,8927000000,0.512826257421,0.80162921708,0.428445682095,0.385666730683,0.300236860636,0.353626528391,26771000000,24098000000,18760000000,0.400310479483,0.300236860636
MSFT,2009-06-30,58437000000,-0.0328,12155000000,46282000000,9010000000,16909000000,25919000000,20363000000,0,19821000000,5252000000,0,0,14569000000,0,14569000000,1.63,1.62,8945000000,8996000000,0.5,0.792,0.383,0.3392,0.249,0.2724,22383000000,19821000000,14569000000,0.3392,0.2493
NEE,2018-12-31,16727000000,0,0,16727000000,0,0,12447000000,4280000000,-30000000,7352000000,1576000000,0,0,6638000000,0,6638000000,14.03,13.88,473200000,477000000,4.40461215933,1,0.503796257548,0.255873737072,0.396843426795,0.394153165541,8427000000,4280000000,6638000000,0.439528905363,0.396843426795
NEE,2017-12-31,17195000000,0,0,17195000000,0,0,11869000000,5326000000,-48000000,4667000000,-653000000,0,0,5378000000,0,5378000000,11.47,11.38,468800000,472500000,3.90476190476,1,0.462634486769,0.309741203838,0.312765338761,0.372957255016,7955000000,5326000000,5378000000,0.271416109334,0.312765338761
NEE,2016-12-31,16155000000,0,0,16155000000,0,0,11547000000,4608000000,-90000000,4388000000,1383000000,0,0,2912000000,0,2912000000,6.25,6.25,463100000,465800000,3.46071275225,1,0.494274218508,0.285236768802,0.180253791396,0.392200557103,7985000000,4608000000,2912000000,0.271618693903,0.180253791396
NEE,2015-12-31,17486000000,0,0,17486000000,0,0,12854000000,4632000000,0,3990000000,1228000000,0,0,2752000000,0,2752000000,6.11,6.06,450500000,454000000,3.05066079295,1,0.448072743909,0.264897632392,0.157383049297,0.349765526707,7835000000,4632000000,2752000000,0.228182546037,0.157383049297
NEE,2014-12-31,17021000000,0,0,17021000000,0,0,12637000000,4384000000,0,3645000000,1176000000,0,0,2465000000,0,2465000000,5.67,5.6,434400000,440100000,2.86525789593,1,0.427706950238,0.257564185418,0.144821103343,0.323130250867,7280000000,4384000000,2465000000,0.214147229892,0.144821103343
NEE,2013-12-31,15136000000,0,0,15136000000,0,0,11895000000,3241000000,0,2521000000,801000000,0,0,1908000000,0,1908000000,4.5,4.47,424200000,427000000,2.62763466042,1,0.380681818182,0.214125264271,0.126057082452,0.337077167019,5762000000,3241000000,1908000000,0.166556553911,0.126057082452
NEE,2012-12-31,14256000000,0,0,14256000000,0,0,10980000000,3276000000,0,2603000000,692000000,0,0,1911000000,0,1911000000,4.59,4.56,416700000,419200000,2.39503816794,1,0.354096520763,0.229797979798,0.134048821549,0.280022446689,5048000000,3276000000,1911000000,0.182589786756,0.134048821549
NEE,2011-12-31,15341000000,0,0,15341000000,0,0,11963000000,3378000000,0,2452000000,529000000,0,0,1923000000,0,1923000000,4.62,4.59,416600000,419000000,2.19570405728,1,0.340395019881,0.220194250701,0.125350368294,0.265562870739,5222000000,3378000000,1923000000,0.159833126915,0.125350368294
NEE,2010-12-31,15317000000,0,0,15317000000,0,0,12074000000,3243000000,0,1928000000,532000000,0,0,0,0,0,4.77,4.74,410300000,413000000,1.99273607748,1,0.348305804009,0.211725533721,0,0.250310112946,5335000000,3243000000,0,0.12587321277,0
NEE,2009-12-31,15643000000,-0.0467,11284000000,4359000000,0,0,1765000000,2594000000,849000000,1942000000,327000000,0,0,1615000000,0,1615000000,3.99,3.97,413347264,404400000,1.89,0.2787,0.291,0.1784,0.103,0.0975,4556000000,2791000000,1615000000,0.1241,0.1032
NFLX,2019-12-31,20156447000,0,12440213000,7716234000,1673000000,914369000,2587369000,2604254000,626023000,2062231000,195315000,0,0,1866916000,0,1866916000,4.26,4.13,437799000,451765000,0,0.382817170109,0.591576481708,0.12920203645,0.0926212838999,-0.155799134639,11924080000,2604254000,1866916000,0.102311235705,0.0926212838999
NFLX,2018-12-31,15794341000,0,9967538000,5826803000,1210000000,630294000,1840294000,1605226000,420493000,1226458000,15216000,0,0,1211242000,0,1211242000,2.78,2.68,435374000,451244000,0,0.368917133042,0.586392493362,0.101632983611,0.076688353126,-0.180724539251,9261683000,1605226000,1211242000,0.0776517361503,0.076688353126
NFLX,2017-12-31,11692713000,0,7659666000,4033047000,981300000,863568000,1844868000,838679000,238204000,485321000,-73608000,0,0,558929000,0,558929000,1.29,1.25,431885000,446814000,0,0.344919694856,0.613122378014,0.0717266386338,0.0478014811447,-0.167561625775,7169064000,838679000,558929000,0.041506278312,0.0478014811447
NFLX,2016-12-31,8830669000,0,6029901000,2800768000,768300000,577799000,1346099000,379793000,150114000,260507000,73829000,0,0,186678000,0,186678000,0.44,0.43,428822000,438652000,0,0.317163739237,0.600721304354,0.0430084062714,0.0211397347132,-0.17910726809,5304771000,379793000,186678000,0.0295002564358,0.0211397347132
NFLX,2015-12-31,6779511000,0,4591476000,2188035000,650788000,407329000,1058117000,305826000,132716000,141885000,19244000,0,0,122641000,0,122641000,0.29,0.28,425889000,436456000,0,0.32274230398,0.568311047803,0.0451103331789,0.0180899477853,-0.1240040764,3852871000,305826000,122641000,0.0209285005954,0.0180899477853
NFLX,2014-12-31,5504656000,0,3752760000,1751896000,472321000,269741000,742062000,402648000,50219000,349369000,82570000,0,0,266799000,0,266799000,4.44,4.32,60078000,61699000,0,0.318257126331,0.578500454888,0.0731468051773,0.0484678788284,-0.00967235736438,3184446000,402648000,266799000,0.0634679078947,0.0484678788284
NFLX,2013-12-31,4374562000,0,3083256000,1291306000,378769000,180301000,559070000,228347000,29142000,171074000,58671000,0,0,112403000,0,112403000,1.93,1.85,58198000,60761000,0,0.295185209399,0.564634127942,0.0521988258482,0.0256946866909,0.00998682839562,2470027000,228347000,112403000,0.0391065436951,0.0256946866909
NFLX,2012-12-31,3609282000,0,2625866000,983416000,329008000,119687000,448695000,49992000,19986000,30480000,13328000,0,0,17152000,0,17152000,0.31,0.29,55521000,58904000,0,0.272468596247,0.485435884478,0.0138509542895,0.00475219171015,-0.00517886937069,1752075000,49992000,17152000,0.00844489291776,0.00475219171015
NFLX,2011-12-31,3204577000,0,2039901000,1164676000,259033000,117937000,788608000,376068000,20025000,359522000,133396000,0,0,226126000,0,226126000,4.28,4.16,52847000,54369000,0,0.363441415201,0.379359584744,0.117353397968,0.0705634472194,0.0836397440286,1215687000,376068000,226126000,0.112190158015,0.0705634472194
NFLX,2010-12-31,2162625000,0,1357355000,805270000,163329000,70555000,521629000,283641000,19629000,267696000,106843000,0,0,160853000,0,160853000,3.06,2.96,52529000,54304000,0,0.372357667187,0.28760927114,0.131155886943,0.0743785908329,0.112161840356,621991000,283641000,160853000,0.123782902722,0.0743785908329
NFLX,2009-12-31,1670269000,0.2239,1079271000,590998000,114542000,284517000,399059000,191939000,6475000,192192000,76332000,0,0,115860000,0,115860000,0.293,0.283,382498858,395920000,0,0.3538,0.273,0.1189,0.069,0.0515,456201000,198667000,115860000,0.1151,0.0694
NKE,2019-05-31,39117000000,0,21643000000,17474000000,0,12702000000,12702000000,4801000000,0,4801000000,772000000,0,0,4029000000,0,4029000000,2.55,2.49,1579700000,1618400000,0.823035096391,0.446711148605,0.141140680523,0.12273436102,0.102998696219,0.122299767365,5521000000,4801000000,4029000000,0.12273436102,0.102998696219
NKE,2018-05-31,36397000000,0,20441000000,15956000000,0,11511000000,11511000000,4325000000,0,4325000000,2392000000,0,0,1933000000,0,1933000000,1.19,1.17,1623800000,1659100000,0.749201374239,0.438387779213,0.140093963788,0.118828474874,0.053108772701,0.107893507707,5099000000,4325000000,1933000000,0.118828474874,0.053108772701
NKE,2017-05-31,34350000000,0,19038000000,15312000000,0,10563000000,10563000000,4886000000,0,4886000000,646000000,0,0,4240000000,0,4240000000,2.56,2.51,1657800000,1692000000,0.669621749409,0.44576419214,0.16308588064,0.142241630277,0.123435225619,0.0737991266376,5602000000,4886000000,4240000000,0.142241630277,0.123435225619
NKE,2016-05-31,32376000000,0,17405000000,14971000000,0,10469000000,10469000000,4623000000,0,4623000000,863000000,0,0,3760000000,0,3760000000,2.21,2.16,1697900000,1742500000,0.586513629842,0.462410427477,0.163238201137,0.142790956264,0.116135408945,0.0603224610823,5285000000,4623000000,3760000000,0.142790956264,0.116135408945
NKE,2015-05-31,30601000000,0,16534000000,14067000000,0,9892000000,9892000000,4205000000,0,4205000000,932000000,0,0,3273000000,0,3273000000,3.8,3.7,861700000,884400000,1.01650836725,0.459690859776,0.158622267246,0.137413810006,0.106957288977,0.121466618738,4854000000,4205000000,3273000000,0.137413810006,0.106957288977
NKE,2014-05-31,27799000000,0,15353000000,12446000000,0,8766000000,8766000000,2693000000,0,3066000000,851000000,0,0,2693000000,0,2693000000,3.05,2.97,883400000,905800000,0.882093177302,0.447713946545,0.119608619015,0.096873988273,0.096873988273,0.0763696535847,3325000000,2693000000,2693000000,0.110291737113,0.096873988273
NKE,2013-05-31,25313000000,0,14279000000,11034000000,0,7780000000,7780000000,2485000000,0,1240000000,808000000,0,0,2485000000,0,2485000000,2.77,2.69,897300000,916400000,0.767132256656,0.435902500691,0.118437166673,0.0981709003279,0.0981709003279,0.0944573934342,2998000000,2485000000,2485000000,0.0489866866827,0.0981709003279
NKE,2012-05-31,24128000000,0,13657000000,10471000000,0,7431000000,7431000000,2983000000,0,2983000000,760000000,0,0,2223000000,0,2223000000,4.83,4.73,460000000,469800000,1.31758194977,0.433977122016,0.140417771883,0.12363229443,0.0921336206897,0.0539622015915,3388000000,2983000000,2223000000,0.12363229443,0.0921336206897
NKE,2011-05-31,20862000000,0,11354000000,9508000000,0,6693000000,6693000000,2844000000,0,2844000000,711000000,0,0,2133000000,0,2133000000,4.48,4.39,475500000,485700000,1.14268066708,0.455756878535,0.153484804908,0.136324417601,0.102243313201,0.0661489790049,3202000000,2844000000,2133000000,0.136324417601,0.102243313201
NKE,2010-05-31,19014000000,0,10213600000,8800400000,0,6326400000,6326400000,2516900000,0,2516900000,610200000,0,0,1906700000,0,1906700000,3.93,3.86,0,0,0,0.462837908909,0.153171347428,0.132370884611,0.10027874198,0.148790364994,2912400000,2516900000,1906700000,0.132370884611,0.10027874198
NKE,2009-05-31,19176000000,0.0295,10572000000,8604000000,0,6150000000,6746000000,1858000000,-10000000,1957000000,470000000,0,0,1487000000,0,1487000000,0.767,0.757,1937394444,,0.24,0.4487,0.119,0.1015,0.078,0.0685,2282000000,1947000000,1487000000,0.1021,0.0775
NVDA,2019-01-27,11716000000,0,4545000000,7171000000,2376000000,991000000,3367000000,3804000000,58000000,3896000000,-245000000,0,0,4141000000,0,4141000000,6.81,6.63,608000000,625000000,0.5936,0.612068965517,0.347046773643,0.324684192557,0.353448275862,0.319477637419,4066000000,3804000000,4141000000,0.332536701946,0.353448275862
NVDA,2018-01-28,9714000000,0,3892000000,5822000000,1797000000,815000000,2612000000,3210000000,61000000,3196000000,149000000,0,0,3047000000,0,3047000000,5.09,4.82,599000000,632000000,0.539556962025,0.599341157093,0.351245624871,0.330450895615,0.313670990323,0.360510603253,3412000000,3210000000,3047000000,0.329009676755,0.313670990323
NVDA,2017-01-29,6910000000,0,2847000000,4063000000,1463000000,663000000,2129000000,1934000000,58000000,1905000000,239000000,0,0,1666000000,0,1666000000,3.08,2.57,541000000,649000000,0.402157164869,0.587988422576,0.310564399421,0.27988422576,0.241099855282,0.241968162084,2146000000,1934000000,1666000000,0.275687409551,0.241099855282
NVDA,2016-01-31,5010000000,0,2199000000,2811000000,1331000000,602000000,2064000000,747000000,47000000,743000000,129000000,0,0,614000000,0,614000000,1.13,1.08,543000000,569000000,0.374340949033,0.561077844311,0.194211576846,0.149101796407,0.12255489022,0.234530938124,973000000,747000000,614000000,0.148303393214,0.12255489022
NVDA,2015-01-25,4681507000,0,2082030000,2599477000,1359725000,480763000,1840488000,758989000,46133000,754836000,124249000,0,0,630587000,0,630587000,1.14,1.12,552319000,563068000,0.331135848601,0.555265003342,0.215118977714,0.162124931139,0.134697438239,0.193453945492,1007081000,758989000,630587000,0.161237823632,0.134697438239
NVDA,2014-01-26,4130162000,0,1862399000,2267763000,1335834000,435702000,1771536000,496227000,10443000,510254000,70264000,0,0,439990000,0,439990000,0.75,0.74,587893000,594517000,0.305013986143,0.549073619873,0.179163674452,0.120147103189,0.106530930264,0.202206596255,739975000,496227000,439990000,0.12354333801,0.106530930264
NVDA,2013-01-27,4280159000,0,2053816000,2226343000,1147282000,430822000,1578104000,648239000,3294000,662039000,99503000,0,0,562536000,0,562536000,0.91,0.9,619324000,624957000,0.0749907593642,0.520154274643,0.204308765165,0.151452083906,0.131428762343,0.192556398022,874474000,648239000,562536000,0.154676263195,0.131428762343
NVDA,2012-01-29,3997930000,0,1941413000,2056517000,1002605000,405613000,1408218000,648299000,3089000,663396000,82306000,0,0,581090000,0,581090000,0.96,0.94,603646000,616371000,0,0.514395449645,0.213236349811,0.16215866711,0.145347717444,0.192704974824,852504000,648299000,581090000,0.165934871296,0.145347717444
NVDA,2011-01-30,3543309000,0,2134219000,1409090000,848830000,361513000,1210343000,255747000,0,271169000,18023000,0,0,253146000,0,253146000,0.44,0.43,575177,588684,0,0.397676296366,0.124949870305,0.0721774476908,0.0714433880872,0.19072482812,442736000,255747000,253146000,0.0765298764516,0.0714433880872
NVDA,2010-01-31,3326445000,0,2149522000,1176923000,908851000,367017000,1275868000,-98945000,3320000,-82294000,-14307000,0,0,-67987000,0,-67987000,-0.12,-0.12,549574,549574,0,0.353808044324,0.0293764063437,-0.0297449679763,-0.020438335821,0.146645142186,97719000,-98945000,-67987000,0,-0.020438335821
ORCL,2019-05-31,39506000000,0,0,39506000000,6026000000,9774000000,23795000000,13535000000,2082000000,3774000000,1185000000,0,0,11083000000,0,11083000000,3.05,2.97,3634000000,3732000000,0.78563772776,1,0.41649369716,0.342606186402,0.280539664861,0.326304865084,16454000000,13535000000,11083000000,0.0955297929428,0.280539664861
ORCL,2018-05-31,39831000000,0,2888000000,24287000000,6091000000,9720000000,21004000000,13679000000,2025000000,12891000000,9066000000,0,0,3825000000,0,3825000000,0.93,0.9,4121000000,4238000000,0.740915526192,0.609751198815,0.413346388491,0.343425974743,0.0960307298335,0.342697898622,16464000000,13679000000,3825000000,0.323642389094,0.0960307298335
ORCL,2017-05-31,37728000000,0,2801000000,23017000000,6159000000,9373000000,19148000000,12710000000,1798000000,11517000000,2182000000,0,0,9335000000,0,9335000000,2.27,2.21,4115000000,4217000000,0.623903248755,0.610077396098,0.401850084818,0.336885072095,0.247428965225,0.320849236641,15161000000,12710000000,9335000000,0.305263994911,0.247428965225
ORCL,2016-05-31,37047000000,0,2751000000,34296000000,5787000000,9039000000,14826000000,12604000000,1467000000,11442000000,2541000000,0,0,8901000000,0,8901000000,2.11,2.07,4221000000,4305000000,0,0.92574297514,0.340216481766,0.340216481766,0.240262369423,0,12604000000,12604000000,8901000000,0.308850919103,0.240262369423
ORCL,2015-05-31,38226000000,0,2929000000,35297000000,5524000000,8732000000,14256000000,13871000000,1143000000,12834000000,2896000000,0,0,9938000000,0,9938000000,2.26,2.21,4404000000,4503000000,0,0.923376759274,0.362868204887,0.362868204887,0.259980118244,0,13871000000,13871000000,9938000000,0.335740072202,0.259980118244
ORCL,2014-05-31,38275000000,0,2954000000,35321000000,5151000000,8605000000,13756000000,14759000000,914000000,13704000000,2749000000,0,0,10955000000,0,10955000000,2.42,2.38,4528000000,4604000000,0,0.922821685173,0.385604180274,0.385604180274,0.286218158067,0,14759000000,14759000000,10955000000,0.358040496408,0.286218158067
ORCL,2013-05-31,37180000000,0,3547000000,33633000000,4850000000,8400000000,13250000000,14684000000,797000000,13898000000,2973000000,0,0,10925000000,0,10925000000,2.29,2.26,4769000000,4844000000,0,0.904599246907,0.39494351802,0.39494351802,0.29384077461,0,14684000000,14684000000,10925000000,0.373803119957,0.29384077461
ORCL,2012-05-31,37121000000,0,3743000000,33378000000,4523000000,8253000000,12776000000,13706000000,766000000,12962000000,2981000000,0,0,9981000000,0,9981000000,1.99,1.96,5015000000,5095000000,0,0.89916758708,0.369224967,0.369224967,0.26887745481,0,13706000000,13706000000,9981000000,0,0.26887745481
ORCL,2011-05-31,35622000000,0,2057000000,33565000000,4519000000,7549000000,12068000000,12033000000,808000000,11411000000,2864000000,0,0,8547000000,0,8547000000,1.69,1.67,5048000000,5128000000,0,0.942254786368,0.337796867105,0.337796867105,0.23993599461,0,12033000000,12033000000,8547000000,0,0.23993599461
ORCL,2010-05-31,26820000000,0,880000000,25940000000,3254000000,5991000000,9245000000,9062000000,-754000000,8243000000,2108000000,0,0,6135000000,0,6135000000,1.22,1.21,5014000000,5073000000,0,0.967188665175,0.337882177479,0.337882177479,0.228747203579,0,9062000000,9062000000,6135000000,0.307345264728,0.228747203579
ORCL,2009-05-31,23252000000,0.0366,4794000000,18458000000,2767000000,5423000000,10137000000,8321000000,630000000,7834000000,2241000000,0,0,5593000000,0,5593000000,1.1,1.09,5070000000,5130000000,0.05,0.7938,0.449,0.364,0.241,0.3323,10440000000,8464000000,5593000000,0.3369,0.2405
PEP,2018-12-29,64661000000,0,29381000000,35280000000,680000000,25170000000,25850000000,10110000000,1525000000,9189000000,-3370000000,0,0,12515000000,0,12515000000,8.84,8.78,1415000000,1425000000,3.45964912281,0.545614821917,0.193455096581,0.156353907301,0.193547888217,0.0948485176536,12509000000,10110000000,12515000000,0.142110391117,0.193547888217
PEP,2017-12-30,63525000000,0,28785000000,34740000000,737000000,24231000000,24968000000,10509000000,1151000000,9602000000,4694000000,0,0,4857000000,0,4857000000,3.4,3.38,1425000000,1438000000,3.10987482615,0.546871310508,0.202723337269,0.165430932704,0.0764580873672,0.110586383314,12878000000,10509000000,4857000000,0.151153089335,0.0764580873672
PEP,2016-12-31,62799000000,0,28209000000,34590000000,760000000,24735000000,25565000000,9785000000,1342000000,8553000000,2174000000,0,0,6329000000,1000000,6329000000,4.39,4.36,1439000000,1452000000,2.91115702479,0.550804949123,0.193522189844,0.155814583035,0.100781859584,0.117263013742,12153000000,9785000000,6329000000,0.136196436249,0.100781859584
PEP,2015-12-26,63056000000,0,28384000000,34672000000,754000000,24885000000,25714000000,8353000000,970000000,7442000000,1941000000,0,0,5452000000,1000000,5452000000,3.71,3.67,1469000000,1485000000,2.72053872054,0.549860441512,0.170784699315,0.132469550875,0.0864628266937,0.124048464857,10769000000,8353000000,5452000000,0.118022075615,0.0864628266937
PEP,2014-12-27,66683000000,0,30884000000,35799000000,718000000,26126000000,26936000000,9581000000,909000000,8757000000,2199000000,0,0,6513000000,1000000,6513000000,4.31,4.27,1509000000,1527000000,2.44269810085,0.5368534709,0.183045153937,0.143679798449,0.0976710705877,0.114676904158,12206000000,9581000000,6513000000,0.131322825908,0.0976710705877
PEP,2013-12-28,66415000000,0,31243000000,35172000000,665000000,25357000000,26132000000,9705000000,911000000,8891000000,2104000000,0,0,6740000000,1000000,6740000000,4.37,4.32,1541000000,1560000000,2.20128205128,0.529579161334,0.186222991794,0.146126628021,0.101483098698,0.103786795152,12368000000,9705000000,6740000000,0.133870360611,0.101483098698
PEP,2012-12-29,65492000000,0,31291000000,34201000000,552000000,24970000000,25641000000,9112000000,899000000,8304000000,2090000000,0,0,6178000000,1000000,6178000000,3.96,3.92,1557000000,1575000000,2.09841269841,0.522216453918,0.180189946864,0.139131496977,0.0943321321688,0.088026018445,11801000000,9112000000,6178000000,0.126794112258,0.0943321321688
PEP,2011-12-31,66504000000,0,31593000000,34911000000,525000000,25145000000,25803000000,9633000000,856000000,8834000000,2372000000,0,0,6443000000,0,6443000000,4.08,4.03,1576000000,1597000000,1.97683155917,0.524945867918,0.186003849393,0.14484843017,0.096881390593,0.0842806447732,12370000000,9633000000,6443000000,0.132834115241,0.096881390593
PEP,2010-12-25,57838000000,0,26575000000,31263000000,488000000,22814000000,23419000000,8332000000,903000000,8232000000,1894000000,0,0,6320000000,0,6320000000,3.97,3.91,1590000000,1614000000,1.84510532838,0.540526989177,0.184290604793,0.144057540026,0.109270721671,0.0898198416266,10659000000,8332000000,6320000000,0.142328572911,0.109270721671
PEP,2009-12-26,43232000000,-0.0004,20099000000,23133000000,0,15026000000,15089000000,8044000000,397000000,8046000000,2100000000,33000000,0,5946000000,0,5946000000,3.81,3.77,1560444589,1558000000,1.775,0.5351,0.233,0.1953,0.138,0.1093,10078000000,8443000000,5979000000,0.1861,0.1375
PFE,2019-12-31,51750000000,0,10219000000,41531000000,8650000000,14350000000,23000000000,17682000000,1574000000,17682000000,1384000000,0,0,16273000000,1000000,16273000000,2.92,2.87,5569000000,5675000000,1.44035242291,0.802531400966,0.457816425121,0.34168115942,0.31445410628,0.201198067633,23692000000,17682000000,16273000000,0.34168115942,0.31445410628
PFE,2018-12-31,53647000000,0,11248000000,42399000000,8006000000,14455000000,22461000000,11885000000,1316000000,11885000000,706000000,0,0,11153000000,1000000,11153000000,1.9,1.87,5872000000,5977000000,1.34850259327,0.790333103435,0.340540943576,0.221540813093,0.20789606129,0.256957518594,18269000000,11885000000,11153000000,0.221540813093,0.20789606129
PFE,2017-12-31,52546000000,0,11240000000,41306000000,7657000000,14784000000,22441000000,12305000000,1270000000,12305000000,-9049000000,0,0,21308000000,1000000,21308000000,3.57,3.52,5970000000,6058000000,1.28573786728,0.786092185894,0.353480759715,0.234175769802,0.405511361474,0.276215125795,18574000000,12305000000,21308000000,0.234175769802,0.405511361474
PFE,2016-12-31,52824000000,0,12329000000,40495000000,7872000000,14837000000,22709000000,8351000000,1186000000,8351000000,1123000000,0,0,7215000000,1000000,7215000000,1.18,1.17,6089000000,6159000000,1.20896249391,0.766602301984,0.26707557171,0.158091019234,0.13658564289,0.266507648039,14108000000,8351000000,7215000000,0.158091019234,0.13658564289
PFE,2015-12-31,48851000000,0,9648000000,39203000000,7690000000,14809000000,22499000000,8965000000,1199000000,8965000000,1990000000,0,0,6960000000,1000000,6960000000,1.13,1.11,6176000000,6257000000,1.14128176442,0.802501484105,0.289083130335,0.18351722585,0.142474053755,0.268469427443,14122000000,8965000000,6960000000,0.18351722585,0.142474053755
PFE,2014-12-31,49605000000,0,9577000000,40028000000,8393000000,14097000000,22490000000,12240000000,1360000000,12240000000,3120000000,0,0,9135000000,1000000,9135000000,1.44,1.42,6346000000,6424000000,1.04140722291,0.8069347848,0.358371131942,0.246749319625,0.184154823103,0.316177804657,17777000000,12240000000,9135000000,0.246749319625,0.184154823103
PFE,2013-12-31,51584000000,0,9586000000,41998000000,6678000000,14355000000,21033000000,15716000000,1414000000,15716000000,4306000000,0,0,22003000000,2000000,22003000000,3.23,3.19,6813000000,6895000000,0.944017403916,0.814167183623,0.428931451613,0.304668114144,0.426546991315,0.321010390819,22126000000,15716000000,22003000000,0.304668114144,0.426546991315
PFE,2012-12-31,58986000000,0,11334000000,47652000000,7870000000,16616000000,24486000000,12080000000,1524000000,12080000000,2562000000,0,0,14570000000,2000000,14570000000,1.96,1.94,7442000000,7508000000,0.870671283964,0.807852710813,0.333824975418,0.204794357983,0.247007764554,0.266622588411,19691000000,12080000000,14570000000,0.204794357983,0.247007764554
PFE,2011-12-31,67425000000,0,15085000000,52340000000,9112000000,19468000000,34165000000,12762000000,1681000000,12762000000,4023000000,0,0,10009000000,2000000,10009000000,1.28,1.27,7817000000,7870000000,0.827445997459,0.776269929551,0.323144234334,0.189276974416,0.14844642195,0.275565443085,21788000000,12762000000,10009000000,0.189276974416,0.14844642195
PFE,2010-12-31,0,0,0,0,0,0,0,0,0,0,0,0,0,0,0,0,0,0,0,0,0,0,0,0,0,0,0,0,0,0,0
PFE,2009-12-31,49269000000,0.0201,8459000000,40810000000,7824000000,14752000000,30136000000,10674000000,0,10780000000,2145000000,8000000,-114000000,8635000000,0,8635000000,1.23,1.23,8069536059,7007000000,0.8,0.8283,0.315,0.2188,0.175,0.3122,15537000000,10780000000,8643000000,0.2188,0.1753
PG,2019-06-30,67684000000,0,34768000000,32916000000,1900000000,19084000000,20984000000,5487000000,509000000,6069000000,2103000000,0,0,3897000000,263000000,3897000000,1.45,1.43,2503600000,2539500000,2.95254971451,0.486318775486,0.122791206193,0.0810679037882,0.0575763843744,0.175743159388,8311000000,5487000000,3897000000,0.0896666863661,0.0575763843744
PG,2018-06-30,66832000000,0,34268000000,32564000000,1900000000,18853000000,20753000000,13711000000,506000000,13326000000,3465000000,0,0,9750000000,265000000,9750000000,3.75,3.67,2529300000,2656700000,2.75153385779,0.487251615992,0.247561048599,0.205156212593,0.145888197271,0.16683624611,16545000000,13711000000,9750000000,0.199395499162,0.145888197271
PG,2017-06-30,65058000000,0,32535000000,32523000000,1900000000,18568000000,20468000000,13955000000,465000000,13257000000,3063000000,0,0,15326000000,247000000,15326000000,5.8,5.59,2598100000,2740400000,2.64049043935,0.499907774601,0.257846844354,0.214500906883,0.235574410526,0.144009960343,16775000000,13955000000,15326000000,0.203772018814,0.235574410526
PG,2016-06-30,65299000000,0,32909000000,32390000000,1900000000,18949000000,20849000000,13441000000,579000000,13369000000,3342000000,0,0,10508000000,255000000,10508000000,3.8,3.69,2698900000,2844400000,2.61425959781,0.496025972833,0.252974777562,0.205837761681,0.160921300479,0.185623057015,16519000000,13441000000,10508000000,0.204735141426,0.160921300479
PG,2015-06-30,76279000000,0,38876000000,37403000000,2000000000,23585000000,25585000000,11790000000,626000000,11846000000,2916000000,0,0,7036000000,259000000,7036000000,2.5,2.44,2711700000,2883600000,2.52704952143,0.490344655803,0.195650178948,0.15456416576,0.0922403282686,0.142529398655,14924000000,11790000000,7036000000,0.155298312773,0.0922403282686
PG,2014-06-30,83062000000,0,42460000000,40602000000,2000000000,25314000000,27314000000,15288000000,709000000,14885000000,3178000000,0,0,11643000000,253000000,11643000000,4.19,4.01,2719800000,2904700000,2.37924742658,0.48881558354,0.221870410055,0.184055284005,0.140172401339,0.1217163083,18429000000,15288000000,11643000000,0.179203486552,0.140172401339
PG,2013-06-30,84167000000,0,42428000000,41739000000,2000000000,26950000000,28950000000,14481000000,667000000,14843000000,3441000000,0,0,11312000000,244000000,11312000000,4.04,3.86,2742900000,2930600000,2.22445915512,0.495906946903,0.207480366414,0.172050803759,0.134399467725,0.129088597669,17463000000,14481000000,11312000000,0.176351776825,0.134399467725
PG,2012-06-30,83680000000,0,42391000000,41289000000,0,26421000000,26421000000,13292000000,769000000,12785000000,3468000000,0,0,10756000000,256000000,10756000000,3.82,3.66,2751300000,2941200000,2.08724330205,0.493415391969,0.197131931166,0.158843212237,0.128537284895,0.11137667304,16496000000,13292000000,10756000000,0.152784416826,0.128537284895
PG,2011-06-30,82559000000,0,40768000000,41791000000,0,25973000000,25973000000,15818000000,831000000,15189000000,3392000000,0,0,11797000000,233000000,11797000000,4.12,3.93,2804000000,3001900000,1.92111662614,0.506195569229,0.225971729309,0.19159631294,0.142891750142,0.120217056893,18656000000,15818000000,11797000000,0.183977519108,0.142891750142
PG,2010-06-30,78938000000,0,37919000000,41019000000,0,24998000000,24998000000,16021000000,946000000,15047000000,4101000000,0,0,12736000000,219000000,12736000000,4.32,4.11,2900800000,3099300000,1.76104281612,0.519635663432,0.242329423092,0.202956750868,0.161341812562,0.16474955028,19129000000,16021000000,12736000000,0.19061795333,0.161341812562
PG,2009-06-30,76694000000,-0.0323,38690000000,38004000000,0,22630000000,22630000000,15374000000,1358000000,17169000000,3733000000,0,-2756000000,13436000000,0,13436000000,4.49,4.26,2914701790,,1.64,0.4955,0.282,0.2416,0.175,0.1523,21609000000,18527000000,13436000000,0.2239,0.1752
PM,2019-12-31,29805000000,0,10513000000,19292000000,465000000,0,531000000,10531000000,796000000,9872000000,2293000000,0,0,7185000000,0,7185000000,4.61,4.61,1555000000,1556000000,4.60218508997,0.647273947324,0.385673544707,0.353329978192,0.241066935078,0.309947995303,11495000000,10531000000,7185000000,0.331219594028,0.241066935078
PM,2018-12-31,29625000000,0,10758000000,18867000000,383000000,0,465000000,11377000000,855000000,10671000000,2445000000,0,0,7911000000,0,7911000000,5.08,5.08,1555000000,1555000000,4.42765273312,0.636860759494,0.417417721519,0.384033755274,0.267037974684,0.271459915612,12366000000,11377000000,7911000000,0.360202531646,0.267037974684
PM,2017-12-31,78098000000,0,10432000000,18316000000,453000000,164000000,705000000,11503000000,1096000000,10589000000,4307000000,0,0,6035000000,0,6035000000,3.88,3.88,1552000000,1553000000,4.19832582099,0.234525852134,0.158493175241,0.147289303183,0.0772747061384,0.0942917872417,12378000000,11503000000,6035000000,0.135586058542,0.0772747061384
PM,2016-12-31,74953000000,0,9391000000,17294000000,429000000,161000000,664000000,10815000000,1069000000,9924000000,2768000000,0,0,6967000000,0,6967000000,4.48,4.48,1551000000,1551000000,4.11218568665,0.230731258255,0.154203300735,0.144290421998,0.092951582992,0.0921243979561,11558000000,10815000000,6967000000,0.132402972529,0.092951582992
PM,2015-12-31,73908000000,0,9365000000,17429000000,423000000,162000000,667000000,10623000000,1132000000,9615000000,2688000000,0,0,6873000000,0,6873000000,4.42,4.42,1549000000,1549000000,4.03486120077,0.235820208908,0.153934621421,0.143732748823,0.0929939925313,0.0934269632516,11377000000,10623000000,6873000000,0.130094171132,0.0929939925313
PM,2014-12-31,80106000000,0,10436000000,19331000000,433000000,165000000,691000000,11702000000,1170000000,10650000000,3097000000,0,0,7493000000,0,7493000000,4.76,4.76,1566000000,1566000000,3.85376756066,0.241317753976,0.15717923751,0.146081442089,0.0935385614061,0.0822160637156,12591000000,11702000000,7493000000,0.132948842783,0.0935385614061
PM,2013-12-31,80029000000,0,10410000000,20807000000,449000000,0,542000000,13515000000,1104000000,8255000000,3670000000,0,0,8576000000,0,8576000000,5.26,5.26,1622000000,1622000000,3.52651048089,0.259993252446,0.179897287233,0.168876282348,0.107161154082,0.111647027952,14397000000,13515000000,8576000000,0.103150108086,0.107161154082
PM,2012-12-31,77393000000,0,10373000000,21004000000,415000000,0,512000000,13846000000,1007000000,12987000000,3833000000,0,0,8800000000,0,8800000000,5.17,5.17,1692000000,1692000000,3.1938534279,0.271394053726,0.190508185495,0.178905068934,0.113705373871,0.108084710504,14744000000,13846000000,8800000000,0.167805873916,0.113705373871
PM,2011-12-31,76346000000,0,10678000000,20419000000,413000000,0,511000000,13332000000,934000000,12532000000,3653000000,0,0,8591000000,0,8591000000,4.85,4.85,1761000000,1762000000,2.71736662883,0.267453435674,0.187632619915,0.174626044586,0.112527178896,0.126162470856,14325000000,13332000000,8591000000,0.16414743405,0.112527178896
PM,2010-12-31,67713000000,0,9713000000,17495000000,391000000,0,479000000,11200000000,974000000,10324000000,2826000000,0,0,7259000000,0,7259000000,3.93,3.92,1839000000,1842000000,2.40119435396,0.25836988466,0.179167958885,0.165403984464,0.107202457431,0.128837889327,12132000000,11200000000,7259000000,0.152467029965,0.107202457431
PM,2009-12-31,62080000000,-0.0245,46067000000,16013000000,0,5870000000,5973000000,10040000000,797000000,9033000000,2691000000,210000000,0,6342000000,0,6342000000,3.25,3.24,1904684732,1904684732,2.24,0.2579,0.172,0.1583,0.102,0.1155,10683000000,9830000000,6552000000,0.1455,0.1022
PYPL,2019-12-31,17772000000,0,0,17772000000,0,3112000000,15053000000,2719000000,115000000,2998000000,539000000,0,0,2459000000,0,2459000000,2.09,2.07,1174000000,1188000000,0,1,0.204310150799,0.152993472879,0.138363718208,0.217026783705,3631000000,2719000000,2459000000,0.168692325006,0.138363718208
PYPL,2018-12-31,15451000000,0,0,15451000000,1071000000,2764000000,13257000000,2194000000,77000000,2376000000,319000000,0,0,2057000000,0,2057000000,1.74,1.71,1184000000,1203000000,0,1,0.192220568248,0.141997281729,0.133130541713,0.301598602032,2970000000,2194000000,2057000000,0.153776454598,0.133130541713
PYPL,2017-12-31,13094000000,0,0,13094000000,953000000,2283000000,10967000000,2127000000,0,2200000000,405000000,0,0,1795000000,0,1795000000,1.49,1.47,1203000000,1221000000,0,1,0.223919352375,0.162440812586,0.137085688101,0.142355277226,2932000000,2127000000,1795000000,0.168015885138,0.137085688101
PYPL,2016-12-31,10842000000,0,0,10842000000,834000000,1997000000,9256000000,1586000000,0,1631000000,230000000,0,0,1401000000,0,1401000000,1.16,1.15,1210000000,1218000000,0,1,0.213060320974,0.146282973621,0.129219701162,0.229570190002,2310000000,1586000000,1401000000,0.150433499354,0.129219701162
PYPL,2015-12-31,9248000000,0,0,9248000000,947000000,1545000000,7787000000,1461000000,0,1488000000,260000000,0,0,1228000000,0,1228000000,1,1,1222000000,1229000000,0,1,0.223724048443,0.157980103806,0.132785467128,0.19723183391,2069000000,1461000000,1228000000,0.160899653979,0.132785467128
PYPL,2014-12-31,8025000000,0.192953768396,3807000000,4218000000,747000000,1687000000,2950000000,1268000000,0,1261000000,842000000,0,0,419000000,0,419000000,0.34,0.34,1218735605,1218000000,0,0.5256,0.221,0.1571,0.052,0.2153,1777000000,1261000000,419000000,0.1571,0.0522
PYPL,2013-12-31,6727000000,0.188096079124,3287000000,3440000000,727000000,1169000000,2349000000,1091000000,0,1084000000,129000000,0,0,955000000,0,955000000,0.78,0.78,,1218000000,0,0.5114,0.228,0.1611,0.142,0.2381,1537000000,1084000000,955000000,0.1611,0.142
PYPL,2012-12-31,5662000000,,2697000000,2965000000,677000000,1007000000,2085000000,880000000,0,891000000,113000000,0,0,778000000,0,778000000,,,,,0,0.5237,0.225,0.1574,0.137,0.1862,1273000000,891000000,778000000,0.1574,0.1374
T,2019-12-31,1.81193E+11,0,18653000000,1.6254E+11,0,39422000000,39422000000,27955000000,8422000000,18468000000,3493000000,0,0,13903000000,3000000,13903000000,1.9,1.89,7319000000,7348000000,2.02612955906,0.897054521974,0.362922408702,0.154283002103,0.0767303372647,0.161336254712,65759000000,27955000000,13903000000,0.101924467281,0.0767303372647
T,2018-12-31,1.70756E+11,0,19786000000,1.5097E+11,0,36765000000,36765000000,26096000000,7957000000,24873000000,4920000000,0,0,19370000000,0,19370000000,2.85,2.85,6778000000,6806000000,1.97032030561,0.884127058493,0.341411136358,0.152826255007,0.113436716719,0.133781536227,58298000000,26096000000,19370000000,0.145663988381,0.113436716719
T,2017-12-31,1.60546E+11,0,18709000000,1.41837E+11,0,34917000000,34917000000,20949000000,6300000000,15139000000,-14708000000,0,0,29450000000,0,29450000000,4.77,4.76,6164000000,6183000000,1.94695131813,0.883466420839,0.282386356558,0.130485966639,0.183436522866,0.115256686557,45336000000,20949000000,29450000000,0.0942969616185,0.183436522866
T,2016-12-31,1.63786E+11,0,18757000000,1.45029E+11,0,36347000000,36347000000,24347000000,4910000000,19812000000,6479000000,0,0,12603000000,0,12603000000,2.1,2.1,6168000000,6189000000,1.90612376798,0.885478612336,0.306460869671,0.148651288877,0.0769479686909,0.108849352203,50194000000,24347000000,12603000000,0.120962719646,0.0769479686909
T,2015-12-31,1.46801E+11,0,19268000000,1.27533E+11,0,0,0,24785000000,4120000000,20692000000,7005000000,0,0,13345000000,0,13345000000,2.37,2.37,5628000000,5646000000,1.80658873539,0.868747488096,0.318805730206,0.168833999768,0.090905375304,0.113500589233,46801000000,24785000000,13345000000,0.140952718306,0.090905375304
T,2014-12-31,1.32447E+11,0,60611000000,71836000000,0,39697000000,39697000000,11746000000,3613000000,9960000000,3442000000,0,0,6224000000,0,6224000000,1.19,1.19,5205000000,5221000000,1.82953457192,0.542375440742,0.226649150226,0.0886845304159,0.0469923818584,0.0765513752671,30019000000,11746000000,6224000000,0.0751998912773,0.0469923818584
T,2014-03-31,0,0,0,0,0,0,0,0,0,0,0,0,0,0,0,0,0,0,0,0,0,0,0,0,0,0,0,0,0,0,0
T,2013-12-31,1.28752E+11,0,51464000000,77288000000,0,28414000000,98273000000,30479000000,3940000000,27777000000,9224000000,0,0,18249000000,0,18249000000,3.39,3.39,5368000000,5385000000,1.80055710306,0.600285820803,0.379597986827,0.236726419784,0.141737604076,0.107586678265,48874000000,30479000000,18249000000,0.215740338014,0.141737604076
T,2012-12-31,1.27434E+11,0,55215000000,72219000000,0,41079000000,1.14437E+11,12997000000,3444000000,10439000000,2900000000,0,0,7264000000,0,7264000000,1.25,1.25,5801000000,5821000000,1.75931970452,0.566716888742,0.244361787278,0.101990049751,0.0570020559662,0.154676146083,31140000000,12997000000,7264000000,0.0819169138534,0.0570020559662
T,2011-12-31,1.26723E+11,0,57374000000,69349000000,0,38844000000,1.17505E+11,9218000000,3535000000,6716000000,2532000000,0,0,3944000000,0,3944000000,0.66,0.66,5928000000,5950000000,1.70957983193,0.547248723594,0.217758417967,0.0727413334596,0.0311230005603,0.114722662816,27595000000,9218000000,3944000000,0.0529974826985,0.0311230005603
T,2010-12-31,124280000000,0.0144229591962,50257000000,74023000000,0,34986000000,54450000000,19573000000,2994000000,18702000000,-1162000000,315000000,-779000000,19864000000,0,19864000000,3.36,3.35,5910000000,5910000000,1.68,0.5956,0.331,0.1746,0.16,0.1263,41075000000,21696000000,20179000000,0.1505,0.1598
T,2009-12-31,122513000000,-0.0075,50639000000,71874000000,0,31359000000,50874000000,21000000000,3368000000,18229000000,6091000000,309000000,-20000000,12138000000,0,12138000000,2.06,2.05,5901000000,5901000000,1.64,0.5867,0.336,0.1763,0.099,0.1457,41112000000,21597000000,12447000000,0.1488,0.0991
TMO,2019-12-31,19496000000,0,10037000000,9459000000,1003000000,6144000000,7147000000,4594000000,676000000,4070000000,374000000,0,0,3696000000,0,3696000000,9.24,9.17,400000000,403000000,0.736972704715,0.485176446451,0.352277390234,0.235638079606,0.1895773492,0.207581042265,6868000000,4594000000,3696000000,0.20876077144,0.1895773492
TMO,2018-12-31,24358000000,0,9682000000,14676000000,967000000,6057000000,6503000000,3783000000,667000000,3262000000,324000000,0,0,2938000000,0,2938000000,7.31,7.24,402000000,406000000,0.655172413793,0.602512521553,0.248378356187,0.155308317596,0.120617456277,0.155390426143,6050000000,3783000000,2938000000,0.133919040972,0.120617456277
TMO,2017-12-31,20918000000,0,8976000000,11942000000,888000000,5492000000,5841000000,2968000000,592000000,2429000000,201000000,0,0,2225000000,0,2225000000,5.64,5.59,395000000,398000000,0.595477386935,0.570895879147,0.239076393537,0.141887369729,0.10636772158,0.167176594321,5001000000,2968000000,2225000000,0.116120087963,0.10636772158
TMO,2016-12-31,18274100000,0,8213900000,10060200000,754800000,4975900000,5305400000,2449200000,469600000,2023900000,-1400000,0,0,2021800000,0,2021800000,5.12,5.09,394800000,397400000,0.599899345747,0.550516851719,0.230227480423,0.134025752294,0.110637459574,0.148401289256,4207200000,2449200000,2021800000,0.110752376314,0.110637459574
TMO,2015-12-31,16965400000,0,7583800000,9381600000,692300000,4612100000,4904600000,2336200000,414900000,1936400000,-43900000,0,0,1975400000,0,1975400000,4.96,4.92,398700000,401900000,0.598656382185,0.552984309241,0.237212208377,0.13770379714,0.116436983508,0.141110731253,4024400000,2336200000,1975400000,0.114138187134,0.116436983508
TMO,2014-12-31,16889600000,0,7934700000,8954900000,691100000,4896100000,5171400000,2503000000,479900000,2087200000,191700000,0,0,1894400000,0,1894400000,4.76,4.71,398200000,402300000,0.583644046731,0.53020201781,0.247951402046,0.148197707465,0.112163698371,0.129784009094,4187800000,2503000000,1894400000,0.1235790072,0.112163698371
TMO,2013-12-31,13090300000,0,6309600000,6780700000,395500000,3446300000,3551700000,1609600000,262100000,1319500000,40400000,0,0,1273300000,0,1273300000,3.53,3.48,360300000,365800000,0.591033351558,0.51799424001,0.199346080686,0.122961276671,0.0972704980023,0.132029059685,2609500000,1609600000,1273300000,0.100799828881,0.0972704980023
TMO,2012-12-31,12509900000,0,6101300000,6408600000,376400000,3354900000,3518600000,1482100000,241600000,1269400000,11000000,0,0,1177900000,0,1177900000,3.24,3.21,363800000,366600000,0.387888707038,0.51228227244,0.197107890551,0.118474168459,0.0941574273176,0.13784282848,2465800000,1482100000,1177900000,0.101471634466,0.0941574273176
TMO,2011-12-31,11725900000,0,5871500000,5854400000,0,3126500000,3348500000,1245200000,175300000,1126600000,107000000,0,0,1329900000,0,1329900000,3.49,3.46,380800000,384800000,0,0.499270844882,0.179952071909,0.10619227522,0.113415601361,0.121483212376,2110100000,1245200000,1329900000,0.096077912996,0.113415601361
TMO,2010-12-31,10788700000,0,5393600000,5395100000,0,2826200000,3013100000,1264900000,84700000,788600000,131500000,0,0,1035600000,0,1035600000,2.57,2.53,403300000,409400000,0,0.50006951718,0.189457487927,0.11724304133,0.0959893221612,0.114221361239,2044000000,1264900000,1035600000,0.0730949975437,0.0959893221612
TMO,2009-12-31,9911600000,-0.0559,6013800000,3897800000,243800000,2592700000,2895700000,1002100000,0,907500000,57200000,0,-27100000,850300000,0,850300000,2.06,2.01,408314630,412400000,0,0.3933,0.169,0.0916,0.086,0.1486,1670400000,907500000,850300000,0.0916,0.0858
TXN,2018-12-31,15784000000,0,5507000000,10277000000,1559000000,1684000000,3243000000,6713000000,125000000,6686000000,1106000000,0,0,5580000000,0,5580000000,5.71,5.59,970000000,990000000,2.58080808081,0.651102382159,0.485745058287,0.425304105423,0.353522554486,0.383806386214,7667000000,6713000000,5580000000,0.423593512418,0.353522554486
TXN,2017-12-31,14961000000,0,5347000000,9614000000,1508000000,1694000000,3202000000,6083000000,78000000,6080000000,2398000000,0,0,3682000000,0,3682000000,3.68,3.61,991000000,1012000000,2.0790513834,0.642604104004,0.467014237016,0.406590468552,0.24610654368,0.312011229196,6987000000,6083000000,3682000000,0.406389947196,0.24610654368
TXN,2016-12-31,13370000000,0,5130000000,8240000000,1370000000,1767000000,3137000000,4799000000,80000000,4930000000,1335000000,0,0,3595000000,0,3595000000,3.54,3.48,1003000000,1021000000,1.61214495593,0.616305160808,0.430366492147,0.358937920718,0.268885564697,0.305385190726,5754000000,4799000000,3595000000,0.368735976066,0.268885564697
TXN,2015-12-31,13000000000,0,5440000000,7560000000,1280000000,1748000000,3028000000,4274000000,90000000,4216000000,1230000000,0,0,2986000000,0,2986000000,2.86,2.82,1030000000,1043000000,1.38446788111,0.581538461538,0.415923076923,0.328769230769,0.229692307692,0.285923076923,5407000000,4274000000,2986000000,0.324307692308,0.229692307692
TXN,2014-12-31,13045000000,0,5618000000,7427000000,1358000000,1843000000,3201000000,3947000000,94000000,3874000000,1053000000,0,0,2821000000,0,2821000000,2.61,2.57,1065000000,1080000000,1.225,0.569336910694,0.396857033346,0.302568033729,0.216251437332,0.268838635493,5177000000,3947000000,2821000000,0.296972019931,0.216251437332
TXN,2013-12-31,12205000000,0,5841000000,6364000000,1522000000,1858000000,3380000000,2832000000,95000000,2754000000,592000000,0,0,2162000000,0,2162000000,1.94,1.91,1098000000,1113000000,1.05570530099,0.521425645227,0.338303973781,0.232036050799,0.177140516182,0.243506759525,4129000000,2832000000,2162000000,0.225645227366,0.177140516182
TXN,2012-12-31,12825000000,0,6457000000,6368000000,1877000000,1804000000,3681000000,1973000000,85000000,1935000000,176000000,0,0,1759000000,0,1759000000,1.53,1.51,1132000000,1146000000,0.714659685864,0.496530214425,0.255126705653,0.153840155945,0.137153996101,0.227602339181,3272000000,1973000000,1759000000,0.150877192982,0.137153996101
TXN,2011-12-31,13735000000,0,6963000000,6772000000,1715000000,1638000000,3353000000,2992000000,42000000,2955000000,719000000,0,0,2236000000,0,2236000000,1.91,1.88,1151000000,1171000000,0.549957301452,0.49304696032,0.291736439752,0.217837641063,0.162795777212,0.177648343648,4007000000,2992000000,2236000000,0.215143793229,0.162795777212
TXN,2010-12-31,13966000000,0,6474000000,7492000000,1570000000,1519000000,3089000000,4514000000,0,4551000000,1323000000,0,0,3228000000,0,3228000000,2.66,2.62,1199000000,1213000000,0.488046166529,0.53644565373,0.388586567378,0.323213518545,0.231132750967,0.18767005585,5427000000,4514000000,3228000000,0.325862809681,0.231132750967
TXN,2009-12-31,10427000000,-0.1659,5428000000,4999000000,1476000000,1320000000,3008000000,1991000000,0,2017000000,547000000,0,0,1470000000,0,1470000000,1.16,1.15,1252873398,1260000000,0.45,0.4794,0.282,0.1934,0.141,0.1813,2942000000,2017000000,1470000000,0.1934,0.141
UNH,2019-12-31,2.42155E+11,0,28117000000,2.14038E+11,0,35193000000,35193000000,19685000000,1704000000,17981000000,3742000000,0,0,13839000000,0,13839000000,14.55,14.33,951000000,966000000,4.07039337474,0.883888418575,0.0925233837831,0.0812909087155,0.0571493464929,0.0676921806281,22405000000,19685000000,13839000000,0.0742540934525,0.0571493464929
UNH,2018-12-31,2.26247E+11,0,26998000000,1.99249E+11,0,34074000000,34074000000,17344000000,1400000000,15944000000,3562000000,0,0,11986000000,0,11986000000,12.45,12.19,963000000,983000000,3.37741607325,0.880670240931,0.0873912140271,0.0766595800165,0.0529774980442,0.0603322916989,19772000000,17344000000,11986000000,0.0704716526628,0.0529774980442
UNH,2017-12-31,2.01159E+11,0,24112000000,1.77047E+11,0,29557000000,29557000000,15209000000,1186000000,14023000000,3200000000,0,0,10558000000,0,10558000000,10.95,10.72,964000000,985000000,2.8152284264,0.880134619878,0.0867671841677,0.0756068582564,0.0524858445309,0.0575316043528,17454000000,15209000000,10558000000,0.0697110246124,0.0524858445309
UNH,2016-12-31,1.8484E+11,0,24416000000,1.60424E+11,0,28401000000,28401000000,12930000000,1067000000,11863000000,4790000000,0,0,7017000000,0,7017000000,7.37,7.25,952000000,968000000,2.33574380165,0.867907379355,0.0810701146938,0.0699523912573,0.037962562216,0.0437675827743,14985000000,12930000000,7017000000,0.0641798312054,0.037962562216
UNH,2015-12-31,1.57107E+11,0,16206000000,1.40901E+11,0,24312000000,24312000000,11021000000,790000000,10231000000,4363000000,0,0,5813000000,0,5813000000,6.1,6.01,953000000,967000000,1.84694932782,0.896847371537,0.0809257385094,0.0701496432368,0.0370002609686,0.0520918864214,12714000000,11021000000,5813000000,0.0651212231155,0.0370002609686
UNH,2014-12-31,1.30474E+11,0,3784000000,1.2669E+11,0,21681000000,21681000000,10274000000,618000000,9656000000,4037000000,0,0,5619000000,0,5619000000,5.78,5.7,972000000,986000000,1.38133874239,0.970998053252,0.0900715851434,0.0787436577402,0.0430660514739,0.0500176280332,11752000000,10274000000,5619000000,0.0740070818707,0.0430660514739
UNH,2013-12-31,1.22489E+11,0,2839000000,1.1965E+11,0,19362000000,19362000000,9623000000,708000000,4327000000,3242000000,0,0,5625000000,0,5625000000,5.59,5.5,1006000000,1023000000,1.03225806452,0.976822408543,0.0897876544016,0.0785621566018,0.0459224909992,0.0464041669048,10998000000,9623000000,5625000000,0.0353256210762,0.0459224909992
UNH,2012-12-31,1.10618E+11,0,2523000000,1.08095E+11,0,17306000000,17306000000,9254000000,632000000,8622000000,3096000000,0,0,5526000000,0,5526000000,5.38,5.28,1027000000,1046000000,0.783938814532,0.977191777107,0.0954907881177,0.0836572709686,0.0499557034117,0.0550091305213,10563000000,9254000000,5526000000,0.0779439150952,0.0499557034117
UNH,2011-12-31,1.01862E+11,0,2385000000,99477000000,0,15557000000,15557000000,8464000000,505000000,7959000000,2817000000,0,0,5142000000,0,5142000000,4.81,4.73,1070000000,1087000000,0.598896044158,0.976585969253,0.094127348766,0.0830928118435,0.0504800612594,0.0579313188431,9588000000,8464000000,5142000000,0.0781351239913,0.0504800612594
UNH,2010-12-31,94155000000,0,2116000000,92039000000,0,14270000000,14270000000,7864000000,481000000,7383000000,2749000000,0,0,4634000000,0,4634000000,4.14,4.1,1120000000,1131000000,0.396993810787,0.977526419202,0.0948223673729,0.0835218522649,0.0492167171154,0.057299134406,8928000000,7864000000,4634000000,0.0784132547395,0.0492167171154
UNH,2009-12-31,87138000000,0.0733,67054000000,20084000000,0,12734000000,13725000000,6359000000,551000000,5808000000,1986000000,0,0,3822000000,0,3822000000,3.27,3.24,1162016644,1168000000,0.03,0.2305,0.084,0.073,0.044,0.0561,7350000000,6359000000,3822000000,0.0667,0.0439
V,2019-09-30,22977000000,0,0,22977000000,721000000,1196000000,5212000000,15001000000,0,14884000000,2804000000,0,0,12080000000,0,12080000000,5.32,5.32,1742000000,2272000000,0.998679577465,1,0.950080515298,0.652870261566,0.525743134439,0.523480001741,21830000000,15001000000,12080000000,0.647778212996,0.525743134439
V,2018-09-30,20609000000,0,0,20609000000,686000000,1145000000,4691000000,12954000000,0,12806000000,2505000000,0,0,10301000000,0,10301000000,4.43,4.42,1792000000,2329000000,0.823529411765,1,0.92474161774,0.628560337717,0.499830171284,0.582027269639,19058000000,12954000000,10301000000,0.621379009171,0.499830171284
V,2017-09-30,18358000000,0,0,18358000000,620000000,1060000000,4047000000,12144000000,0,8035000000,4995000000,0,0,6699000000,0,6699000000,2.8,2.8,1845000000,2395000000,0.659290187891,1,0.940461923957,0.661509968406,0.364909031485,0.463067872317,17265000000,12144000000,6699000000,0.437683843556,0.364909031485
V,2016-09-30,15082000000,0,0,15082000000,538000000,796000000,3464000000,7883000000,0,5607000000,2021000000,0,0,5991000000,0,5991000000,2.49,2.48,1906000000,2414000000,0.559237779619,1,0.781991778279,0.522676037661,0.397228484286,0.334902532821,11794000000,7883000000,5991000000,0.37176767007,0.397228484286
V,2015-09-30,13880000000,0,0,13880000000,474000000,547000000,3498000000,9064000000,0,6271000000,2667000000,0,0,6328000000,0,6328000000,2.58,2.58,1954000000,2457000000,0.479039479039,1,0.894740634006,0.653025936599,0.45590778098,0.444524495677,12419000000,9064000000,6328000000,0.451801152738,0.45590778098
V,2014-09-30,12702000000,0,0,12702000000,507000000,507000000,3282000000,7697000000,0,5400000000,2286000000,0,0,5438000000,0,5438000000,8.65,8.62,26000000,631000000,1.59429477021,1,0.844276491891,0.605967564163,0.428121555661,0.523697055582,10724000000,7697000000,5438000000,0.425129900803,0.428121555661
V,2013-09-30,11778000000,0,0,11778000000,468000000,451000000,3259000000,7239000000,0,5172000000,2277000000,0,0,4980000000,0,4980000000,7.61,7.59,28000000,656000000,1.31707317073,1,0.845389709628,0.614620478859,0.422822210902,0.216590253014,9957000000,7239000000,4980000000,0.439123790117,0.422822210902
V,2012-09-30,10421000000,0,0,10421000000,414000000,451000000,3050000000,2139000000,-29000000,2147000000,65000000,0,0,2144000000,0,2144000000,3.17,3.16,41000000,678000000,0.877581120944,1,0.444007292966,0.205258612417,0.20573841282,0.44458305345,4627000000,2139000000,2144000000,0.206026293062,0.20573841282
V,2011-09-30,9188000000,0,0,9188000000,357000000,414000000,2711000000,5456000000,0,5656000000,2010000000,0,0,3650000000,0,3650000000,5.18,5.16,70000000,70000000,6.04285714286,1,0.829777971267,0.593818023509,0.39725729212,0.38299956465,7624000000,5456000000,3650000000,0.615585546365,0.39725729212
V,2010-09-30,8065000000,0,0,8065000000,425000000,359000000,2545000000,4589000000,72000000,3001000000,1674000000,0,0,2966000000,0,2966000000,4.03,4.01,482000000,739000000,0.497970230041,1,0.795288282703,0.569001859888,0.367761934284,0.303781773094,6414000000,4589000000,2966000000,0.3721016739,0.367761934284
V,2009-09-30,6911000000,0.1035,1228000000,5683000000,0,1524000000,2145000000,3538000000,115000000,4001000000,1648000000,-1000000,0,2353000000,0,2353000000,0.775,0.775,3386058944,3376000000,0.105,0.8223,0.628,0.5956,0.34,0.0365,4342000000,4116000000,2352000000,0.5789,0.3405
VZ,2018-12-31,1.30863E+11,0,23323000000,1.0754E+11,0,31083000000,31083000000,22278000000,4833000000,19623000000,3584000000,0,0,15528000000,0,15528000000,3.76,3.76,4128000000,4132000000,2.36495643756,0.821775444549,0.303225510649,0.170239105018,0.118658444327,0.135110764693,39681000000,22278000000,15528000000,0.149950711813,0.118658444327
VZ,2017-12-31,1.26034E+11,0,22147000000,1.03887E+11,0,30110000000,30110000000,27414000000,4733000000,20594000000,-9956000000,0,0,30101000000,0,30101000000,7.37,7.36,4084000000,4089000000,2.31645879188,0.824277575892,0.352031991367,0.217512734659,0.238832378565,0.0639351286161,44368000000,27414000000,30101000000,0.163400352286,0.238832378565
VZ,2016-12-31,1.2598E+11,0,22238000000,1.03742E+11,0,31569000000,31569000000,27059000000,4376000000,20986000000,7378000000,0,0,13127000000,0,13127000000,3.22,3.21,4080000000,4086000000,2.26676456192,0.823479917447,0.341220828703,0.214788061597,0.104199079219,0.0448960152405,42987000000,27059000000,13127000000,0.166581997142,0.104199079219
VZ,2015-12-31,1.3162E+11,0,23119000000,1.08501E+11,0,29986000000,29986000000,33060000000,4920000000,28240000000,9865000000,0,0,17879000000,0,17879000000,4.38,4.37,4085000000,4093000000,2.08600048864,0.824350402674,0.372868864914,0.251177632579,0.135838018538,0.16072785291,49077000000,33060000000,17879000000,0.214557058198,0.135838018538
VZ,2014-12-31,1.27079E+11,0,49931000000,77148000000,0,41016000000,41016000000,19599000000,4915000000,15270000000,3314000000,0,0,9625000000,0,9625000000,2.42,2.42,3974000000,3981000000,1.96006028636,0.607086930177,0.284327072136,0.154226898229,0.0757402875377,0.105760983325,36132000000,19599000000,9625000000,0.120161474358,0.0757402875377
VZ,2013-12-31,1.2055E+11,0,44887000000,75663000000,0,27089000000,27089000000,31968000000,2667000000,29277000000,5730000000,0,0,11497000000,0,11497000000,4.01,4,2866000000,2874000000,2.06541405706,0.627648278723,0.402936540854,0.265184570718,0.0953712152634,0.184272086271,48574000000,31968000000,11497000000,0.242861883036,0.0953712152634
VZ,2012-12-31,1.15846E+11,0,46275000000,69571000000,0,39951000000,39951000000,13160000000,2571000000,9897000000,-660000000,0,0,875000000,0,875000000,0.31,0.31,2853000000,2862000000,1.82739343117,0.600547278283,0.255684270497,0.113599088445,0.00755313088065,0.132166842187,29620000000,13160000000,875000000,0.0854323843724,0.00755313088065
VZ,2011-12-31,1.10875E+11,0,45875000000,65000000000,0,35624000000,35624000000,12880000000,2827000000,10483000000,285000000,0,0,2404000000,0,2404000000,0.85,0.85,2833000000,2839000000,1.95667488552,0.586245772266,0.264947012401,0.116166854566,0.0216820744081,0.122083427283,29376000000,12880000000,2404000000,0.0945479143179,0.0216820744081
VZ,2010-12-31,1.06565E+11,0,44149000000,62416000000,0,31366000000,31366000000,14645000000,2523000000,12580000000,2467000000,0,0,2549000000,0,2549000000,0.9,0.9,2830000000,2833000000,1.91034239322,0.585708253179,0.291371463426,0.13742786093,0.0239196734387,0.158635574532,31050000000,14645000000,2549000000,0.118050016422,0.0239196734387
VZ,2009-12-31,107808000000,0.1074,44579000000,63229000000,0,30717000000,47251000000,15978000000,3102000000,6813000000,1919000000,6707000000,0,4894000000,0,4894000000,1.72,1.72,2840648086,2841000000,1.855,0.5865,0.245,0.092,0.045,0.1347,26449000000,9915000000,11601000000,0.0632,0.0454
WFC,2019-12-31,859000000,0,1155000000,-296000000,0,0,6924000000,24198000000,18852000000,24198000000,4157000000,0,0,19549000000,1611000000,19549000000,4.08,4.05,4393100000,4425400000,1.8524879107,-0.344586728754,36.4062863795,28.1699650757,22.7578579744,7.83469150175,31273000000,24198000000,19549000000,28.1699650757,22.7578579744
WFC,2018-12-31,1033000000,0,0,1033000000,0,0,5476000000,28538000000,14652000000,28538000000,5662000000,0,0,22393000000,1704000000,22393000000,4.31,4.28,4799700000,4838400000,1.58978174603,1,33.0406582769,27.6263310745,21.6776379477,34.9206195547,34131000000,28538000000,22393000000,27.6263310745,21.6776379477
WFC,2017-12-31,1907000000,0,0,1907000000,0,0,5677000000,27377000000,9352000000,27377000000,4917000000,0,0,22183000000,1629000000,22183000000,4.14,4.1,4964600000,5017300000,1.49084168776,1,17.190875721,14.3560566335,11.6324069219,9.81751442056,32783000000,27377000000,22183000000,14.3560566335,11.6324069219
WFC,2016-12-31,1927000000,0,0,1927000000,0,0,4325000000,32120000000,5909000000,32120000000,10075000000,0,0,21938000000,1565000000,21938000000,4.03,3.99,5052800000,5108300000,1.46271753812,1,19.2475350285,16.6683964712,11.3845355475,0.0877010897769,37090000000,32120000000,21938000000,16.6683964712,11.3845355475
WFC,2015-12-31,621000000,0,0,621000000,0,0,3046000000,33641000000,3976000000,33641000000,10365000000,0,0,22894000000,1424000000,22894000000,4.18,4.12,5136500000,5209800000,1.42040001536,1,59.4669887279,54.1723027375,36.8663446055,23.7874396135,36929000000,33641000000,22894000000,54.1723027375,36.8663446055
WFC,2014-12-31,526000000,0,0,526000000,0,0,2706000000,33915000000,4025000000,33915000000,10307000000,0,0,23057000000,1236000000,23057000000,4.17,4.1,5237200000,5324400000,1.29742318383,1,69.2585551331,64.4771863118,43.8346007605,33.325095057,36430000000,33915000000,23057000000,64.4771863118,43.8346007605
WFC,2013-12-31,663000000,0,0,663000000,0,0,3075000000,32629000000,4289000000,32629000000,10405000000,0,0,21878000000,989000000,21878000000,3.95,3.89,5287300000,5371200000,1.10831843908,1,54.1809954751,49.2141779789,32.9984917044,86.939668175,35922000000,32629000000,21878000000,49.2141779789,32.9984917044
WFC,2012-12-31,567000000,0,0,567000000,0,0,1674000000,28471000000,5161000000,28471000000,9103000000,0,0,18897000000,898000000,18897000000,3.4,3.36,5287600000,5351500000,0.853031860226,1,55.164021164,50.2134038801,33.328042328,103.245149912,31278000000,28471000000,18897000000,50.2134038801,33.328042328
WFC,2011-12-31,524000000,0,0,524000000,0,27667000000,29547000000,23656000000,6649000000,23656000000,7445000000,0,0,15869000000,844000000,15869000000,2.85,2.82,5278100000,5323400000,0.476575121163,1,49.358778626,45.1450381679,30.284351145,26.0782442748,25864000000,23656000000,15869000000,45.1450381679,30.284351145
WFC,2010-12-31,0,0,0,0,0,0,0,0,0,0,0,0,0,0,0,0,0,0,0,0,0,0,0,0,0,0,0,0,0,0,0
WFC,2009-12-31,67018000000,1.5878,0,67018000000,0,32100000000,49020000000,17998000000,0,17606000000,5331000000,392000000,0,12275000000,4285000000,7990000000,1.76,1.75,4685063588,4545200000,0.49,1,0.305,0.2627,0.119,0.4269,20447000000,17606000000,12667000000,0.2627,0.1832
WMT,2020-01-31,5.23964E+11,0,3.94605E+11,1.29359E+11,0,1.08791E+11,1.08791E+11,20568000000,0,20116000000,4915000000,0,0,14881000000,0,14881000000,5.22,5.19,2850000000,2868000000,2.10878661088,0.246885282195,0.0602236031483,0.0392546052782,0.0284008061623,0.0277690833721,31555000000,20568000000,14881000000,0.038391950592,0.0284008061623
WMT,2019-01-31,5.14405E+11,0,3.85301E+11,1.29104E+11,0,1.07147E+11,1.07147E+11,21957000000,0,11460000000,4281000000,0,0,6670000000,0,6670000000,2.28,2.26,2929000000,2945000000,2.07198641766,0.250977342755,0.0634422293718,0.0426842662882,0.0129664369514,0.0338429836413,32635000000,21957000000,6670000000,0.0222781660365,0.0129664369514
WMT,2018-01-31,5.00343E+11,0,3.73396E+11,1.26947E+11,0,1.0651E+11,1.0651E+11,20437000000,0,15123000000,4600000000,0,0,9862000000,0,9862000000,3.29,3.28,2995000000,3010000000,2.03455149502,0.253719948116,0.061889543773,0.040845979658,0.0197104786117,0.0365469288068,30966000000,20437000000,9862000000,0.0302252654679,0.0197104786117
WMT,2017-01-31,4.85873E+11,0,3.61256E+11,1.24617E+11,0,1.01853E+11,1.01853E+11,22764000000,0,20497000000,6204000000,0,0,13643000000,0,13643000000,4.4,4.38,3101000000,3112000000,1.99742930591,0.256480602956,0.0675979113884,0.0468517493254,0.0280793540699,0.0430379955256,32844000000,22764000000,13643000000,0.0421859210123,0.0280793540699
WMT,2016-01-31,4.8213E+11,0,3.60984E+11,1.21146E+11,0,97041000000,97041000000,24105000000,0,21638000000,6558000000,0,0,14694000000,0,14694000000,4.58,4.57,3207000000,3217000000,1.95648119366,0.251272478377,0.0696057080041,0.0499968888059,0.0304772571713,0.0330035467612,33559000000,24105000000,14694000000,0.0448800116151,0.0304772571713
WMT,2015-01-31,4.85651E+11,0,3.65086E+11,1.20565E+11,0,93418000000,93418000000,27147000000,0,24799000000,7985000000,0,0,16363000000,0,16363000000,5.07,5.05,3230000000,3243000000,1.90718470552,0.248254404912,0.0747862147921,0.0558981655551,0.033692919401,0.03374851488,36320000000,27147000000,16363000000,0.0510634179689,0.033692919401
WMT,2014-01-31,4.76294E+11,0,3.58069E+11,1.18225E+11,0,91353000000,91353000000,26872000000,0,16551000000,8105000000,0,0,16022000000,0,16022000000,4.9,4.88,3269000000,3283000000,1.86993603412,0.24821853729,0.075041885894,0.0564189345236,0.033638886906,0.0212935707777,35742000000,26872000000,16022000000,0.0347495454488,0.033638886906
WMT,2013-01-31,4.69162E+11,0,3.52488E+11,1.16674E+11,0,88873000000,88873000000,27801000000,0,17756000000,7981000000,0,0,16999000000,0,16999000000,5.04,5.02,3374000000,3389000000,1.58188256123,0.248685954958,0.0773762580942,0.0592567172959,0.0362326872168,0.027054620792,36302000000,27801000000,16999000000,0.0378462023779,0.0362326872168
WMT,2012-01-31,4.4695E+11,0,3.35127E+11,1.11823E+11,0,85265000000,85265000000,26558000000,0,24398000000,7944000000,0,0,15699000000,0,15699000000,4.54,4.52,3460000000,3474000000,1.45308002303,0.250191296566,0.0776104709699,0.0594205168363,0.0351247343103,0.0240407204385,34688000000,26558000000,15699000000,0.0545877614946,0.0351247343103
WMT,2011-01-31,4.21849E+11,0,3.15287E+11,1.06562E+11,0,81020000000,81020000000,25542000000,0,23538000000,-7579000000,0,0,16389000000,0,16389000000,4.48,4.47,3656000000,3670000000,1.20899182561,0.252606975482,0.0786608478389,0.0605477315343,0.0388503943354,0.0259429321866,33183000000,25542000000,16389000000,0.0557972165396,0.0388503943354
WMT,2010-01-31,4.08214E+11,0,3.04657E+11,1.03557E+11,0,79607000000,79607000000,23950000000,0,22066000000,7139000000,0,0,14335000000,0,14335000000,3.71,3.7,3866000000,3877000000,1.08769667269,0.253683117189,0.0762026780071,0.0586702072932,0.0351163850333,0.0344549672476,31107000000,23950000000,14335000000,0.0540549809659,0.0351163850333
XOM,2019-12-31,2.64938E+11,0,0,2.64938E+11,1269000000,11398000000,50728000000,20056000000,830000000,20056000000,5282000000,0,0,14340000000,0,14340000000,3.36,3.36,4270000000,4270000000,3.43138173302,1,0.147408072832,0.0757007299821,0.0541258709585,0.0202122760797,39054000000,20056000000,14340000000,0.0757007299821,0.0541258709585
XOM,2018-12-31,2.90212E+11,0,0,2.90212E+11,1466000000,11480000000,50913000000,30953000000,766000000,30953000000,9532000000,0,0,20840000000,0,20840000000,4.88,4.88,4270000000,4270000000,3.23138173302,1,0.171247226166,0.10665651317,0.071809573691,0.0566482433531,49698000000,30953000000,20840000000,0.10665651317,0.071809573691
XOM,2017-12-31,2.44363E+11,0,0,2.44363E+11,1790000000,10956000000,46874000000,18674000000,601000000,18674000000,-1174000000,0,0,19710000000,0,19710000000,4.63,4.63,4256000000,4256000000,3.0547462406,1,0.157826675888,0.0764190978176,0.0806586921915,0.0600090848451,38567000000,18674000000,19710000000,0.0764190978176,0.0806586921915
XOM,2016-12-31,2.26094E+11,0,0,2.26094E+11,1467000000,10799000000,44193000000,7969000000,453000000,7969000000,-406000000,0,0,7840000000,0,7840000000,1.88,1.88,4177000000,4177000000,2.98132631075,1,0.133913328085,0.035246401939,0.0346758427911,0.0261793767194,30277000000,7969000000,7840000000,0.035246401939,0.0346758427911
XOM,2015-12-31,2.68882E+11,0,0,2.68882E+11,1523000000,11501000000,48611000000,21966000000,311000000,21966000000,5415000000,0,0,16150000000,0,16150000000,3.85,3.85,4196000000,4196000000,2.88131553861,1,0.148816209341,0.0816938285196,0.0600635222886,0.0143334250712,40014000000,21966000000,16150000000,0.0816938285196,0.0600635222886
XOM,2014-12-31,4.11939E+11,0,0,4.11939E+11,1669000000,12598000000,55126000000,51630000000,286000000,51630000000,18015000000,0,0,32520000000,0,32520000000,7.6,7.6,4282000000,4282000000,2.70154133582,1,0.167323317287,0.125334090727,0.0789437271052,0.0295286438041,68927000000,51630000000,32520000000,0.125334090727,0.0789437271052
XOM,2013-12-31,4.38255E+11,0,0,4.38255E+11,1976000000,12877000000,55378000000,57711000000,9000000,57711000000,24263000000,0,0,32580000000,0,32580000000,7.37,7.37,4419000000,4419000000,2.46096401901,1,0.170889094249,0.131683608858,0.0743402813431,0.0256585777687,74893000000,57711000000,32580000000,0.131683608858,0.0743402813431
XOM,2012-12-31,4.82295E+11,0,0,4.82295E+11,1840000000,13877000000,54238000000,78726000000,327000000,78726000000,31045000000,0,0,44880000000,0,44880000000,9.7,9.7,4628000000,4628000000,2.18063958513,1,0.196174540478,0.163232046776,0.0930550803969,0.0454058200894,94614000000,78726000000,44880000000,0.163232046776,0.0930550803969
XOM,2011-12-31,4.86429E+11,0,0,4.86429E+11,2081000000,14983000000,57332000000,73257000000,247000000,73257000000,31051000000,0,0,41060000000,0,41060000000,8.43,8.42,4870000000,4875000000,1.85025641026,1,0.182637137177,0.150601629426,0.0844110856877,0.0500998090163,88840000000,73257000000,41060000000,0.150601629426,0.0844110856877
XOM,2010-12-31,3.83221E+11,0,0,3.83221E+11,2144000000,14683000000,52619000000,30460000000,259000000,7711000000,21561000000,0,0,30460000000,0,30460000000,6.24,6.22,4885000000,4897000000,1.82724116806,1,0.0794841618805,0.0794841618805,0.0794841618805,0.0562129945906,30460000000,30460000000,30460000000,0.0201215486625,0.0794841618805
XOM,2009-12-31,310586000000,-0.3494,213561000000,97025000000,2021000000,14735000000,61700000000,35325000000,548000000,34399000000,15119000000,378000000,0,19280000000,0,19280000000,3.99,3.98,4747283776,4747283776,1.66,0.3124,0.151,0.1125,0.062,0.0191,46864000000,34947000000,19658000000,0.1108,0.0621